1997 3267
240 211 324 263 258
1014 203 1078 243 VI

354 332 453 374 ergo
483 316 671 358 fervidus
701 315 770 357 1110
802 314 960 356 nubem
993 329 1090 356 011111
1123 313 1326 370 perscidit
1358 319 1509 363 atram,
1769 317 1850 358 180

353 387 533 442 dissipat
563 384 724 427 ardoris
755 383 877 440 quasi
908 399 984 439 per
1015 384 1102 424 vim
1134 397 1334 438 expressa
1364 390 1542 438 repente

354 456 515 497 semina
547 467 655 510 quae
687 453 851 494 faciunt
881 452 1094 493 nictantia
1126 451 1297 507 fulgura
1327 451 1550 504 fiammae;

354 526 453 568 inde
483 539 612 566 sonus
643 523 840 579 sequitur
870 522 944 577 qui
975 521 1140 563 tardius
1171 521 1317 562 adficit
1350 521 1465 562 auris

354 609 483 651 quam
515 608 624 649 quae
655 591 914 648 perveniunt
945 591 1163 632 oculorum
1195 590 1250 632 ad
1282 590 1447 632 lumina
1476 596 1629 633 nostra.

354 663 515 706 scilicet
546 662 625 703 hoc
655 661 799 702 densis
829 660 880 701 fit
910 659 1098 701 nubibus
1130 666 1174 701 et
1206 659 1334 701 simul
1366 659 1453 701 alte
1771 662 1846 713 185

354 731 562 774 extructis
594 729 690 771 aliis
721 729 826 770 alias
858 743 987 785 super
1018 729 1180 784 impete
1212 729 1347 780 miro;

355 817 407 843 ne
439 801 521 842 tibi
553 800 611 841 sit
642 798 757 840 frudi
788 798 901 854 quod
933 813 1011 840 nos
1041 798 1206 840 inferne
1237 798 1434 840 videmus

355 885 485 926 quam
516 869 604 911 sint
635 869 724 910 lata
755 868 891 923 magis
923 883 1051 923 quam
1083 882 1252 909 sursum
1285 873 1484 909 extructa
1515 867 1618 923 quid
1649 871 1810 909 extent.

356 939 668 995 contemplator
699 938 826 987 enim,
858 952 956 979 cum
988 937 1208 978 montibus
1239 937 1500 978 adsimulata

357 1010 506 1052 nubila
534 1009 770 1065 portabunt
801 1008 921 1049 venti
951 1013 1192 1049 transversa
1222 1021 1298 1062 per
1328 1022 1464 1056 auras,
1772 1016 1854 1060 190

356 1085 433 1122 aut
465 1078 539 1120 ubi
570 1092 647 1134 per
676 1091 853 1132 magnos
884 1076 1044 1118 montis
1075 1076 1293 1118 cumulata
1325 1075 1490 1117 videbis

357 1150 532 1204 insuper
562 1162 652 1189 csse
684 1147 780 1189 aliis
811 1146 896 1187 alia
925 1151 1058 1201 atque
1089 1160 1275 1202 urguere
1306 1160 1490 1201 superne

357 1220 403 1262 in
433 1218 619 1260 statione
651 1218 790 1259 locata
819 1215 1001 1272 sepultis
1033 1215 1222 1271 undique
1254 1216 1418 1257 ventis:

359 1296 453 1333 tum
485 1289 646 1346 poteris
677 1303 855 1343 magnas
886 1287 1018 1329 moles
1049 1301 1299 1343 cognoscere
1332 1301 1477 1327 00111111

359 1360 670 1415 speluncasque
702 1358 823 1399 velut
854 1357 967 1399 saxis
998 1356 1278 1412 pendentibu'
1309 1362 1496 1397 structas
1776 1363 1852 1408 195

360 1443 543 1480 cernere,
575 1442 680 1484 quas
711 1427 831 1469 venti
863 1441 961 1467 cum
994 1431 1255 1481 tempestate
1287 1431 1431 1466 coorta

361 1495 625 1550 conplerunt‚
657 1508 813 1549 magno
845 1492 1127 1548 indignantur
1157 1507 1376 1533 murmure
1408 1490 1542 1532 clausi

361 1563 550 1605 nubibus
581 1563 627 1604 in
659 1561 883 1616 caveisque
917 1561 1101 1601 serarum
1135 1575 1250 1602 more
1281 1560 1529 1611 minantur3

362 1648 474 1674 nunc
506 1632 606 1673 111110
636 1646 751 1673 1111110
782 1630 901 1672 1111110
932 1630 1130 1671 fremitus
1160 1645 1236 1685 per
1266 1630 1416 1671 nubila
1447 1629 1632 1671 mittunt

363 1707 702 1756 quaerentesque
736 1699 849 1740 viam
880 1698 1039 1740 circum
1073 1704 1299 1740 versantur
1329 1704 1374 1740 et
1405 1698 1518 1755 ignis
1774 1709 1859 1739 200

364 1769 529 1811 semina
558 1768 817 1810 convolvunt
849 1782 869 1809 e
899 1766 1089 1808 nubibus
1119 1773 1251 1822 atque
1282 1767 1346 1808 ita
1376 1772 1536 1823 cogunt

362 1839 502 1880 multa
530 1843 760 1893 rotantque
793 1836 907 1878 cavis
938 1835 1156 1877 flammam
1189 1836 1431 1878 fornacibus
1460 1835 1592 1885 intus,

363 1908 496 1950 donec
526 1906 690 1948 divolsa
720 1905 932 1947 fulserunt
963 1904 1077 1946 nube
1109 1905 1281 1946 corusci.

423 1976 518 2017 Hac
549 1975 682 2017 etiam
714 1974 765 2015 fit
795 1973 863 2015 uti
894 1973 947 2015 de
979 1988 1107 2015 causa
1138 1973 1308 2015 mobilis
1338 1973 1411 2015 ille

364 2045 534 2087 devolet
564 2044 609 2085 in
640 2049 799 2085 terram
832 2041 985 2097 liquidi
1016 2041 1128 2083 color
1158 2056 1313 2083 aureus
1343 2041 1468 2097 ignis,
1775 2050 1855 2094 205

366 2114 531 2156 semina
561 2112 674 2168 quod
706 2112 844 2153 nubes
875 2111 988 2166 ipsas
1020 2111 1236 2166 permulta
1266 2115 1487 2152 necessust

366 2182 478 2238 ignis
509 2181 690 2232 habere;
732 2180 894 2222 etenim
926 2195 1024 2221 cum
1057 2185 1158 2221 sunt
1189 2194 1337 2221 umore
1367 2179 1459 2220 sine
1489 2178 1589 2227 ullo,

367 2252 590 2293 flammeus
621 2256 686 2292 est
718 2250 971 2305 plerumque
1002 2250 1113 2291 colos
1145 2254 1190 2291 et
1220 2249 1470 2305 splendidus
1501 2248 1606 2290 ollis.

257 2381 330 2412 Ald.
348 2381 366 2412 1
384 2380 479 2411 Junt.
497 2380 549 2411 for
565 2381 727 2420 quiescit:
751 2389 772 2411 a
788 2379 921 2411 certain
938 2380 1139 2411 correction.
1179 2381 1316 2412 calescit
1331 2379 1436 2411 Lach.
1454 2378 1581 2420 utterly
1591 2377 1787 2419 destroying
1803 2377 1862 2410 the

256 2437 345 2468 force
360 2436 397 2467 of
411 2436 469 2467 the
485 2444 638 2476 passage.
773 2435 836 2466 180
847 2435 1011 2475 perscidit
1028 2434 1118 2465 Flor.
1138 2435 1178 2465 31
1196 2434 1313 2466 Camb.
1332 2434 1426 2466 Mon.
1445 2433 1538 2466 Brix.
1559 2433 1612 2465 for
1622 2434 1818 2474 perscindit.

301 2491 363 2522 183
394 2492 510 2531 adficit
542 2489 656 2521 Bentl.
684 2489 736 2521 for
768 2490 901 2521 adlicit.
956 2490 1082 2530 adtiyit
1116 2489 1238 2520 Lamb.
1271 2489 1358 2530 conj.
1416 2490 1547 2520 adcidit
1577 2487 1700 2520 Heius.
1726 2487 1764 2520 in
1795 2497 1861 2520 ms.

257 2547 366 2576 notes.
500 2543 562 2574 184
580 2544 707 2574 Iumina
724 2543 764 2574 B.
812 2544 933 2574 limina
948 2542 978 2574 A
993 2542 1084 2574 Nico.
1105 2542 1197 2574 Flor.
1215 2543 1255 2575 31
1274 2542 1369 2574 three
1385 2542 1462 2574 Vat.
1611 2542 1673 2573 185
1688 2543 1756 2573 alte
1772 2541 1858 2574 Mar.

259 2599 334 2631 Ald.
354 2600 371 2629 1
387 2599 482 2630 Junt.
503 2599 556 2630 for
573 2600 648 2630 alti.
783 2599 844 2630 187
863 2599 926 2629 188
942 2597 1092 2638 Wrongly
1108 2597 1226 2636 placed
1242 2597 1285 2637 by
1301 2596 1405 2629 Lach.
1422 2597 1512 2628 after
1528 2597 1589 2629 193
1606 2606 1652 2628 on
1667 2599 1811 2628 account
1828 2596 1865 2627 of

259 2655 318 2687 the
333 2657 490 2686 neuters:
515 2662 568 2684 see
585 2653 646 2685 759
664 2661 678 2683 1
694 2653 756 2683 352
773 2661 809 2683 1v
826 2652 899 2684 934.
1067 2652 1129 2684 187
1145 2653 1207 2683 Ne.
1253 2653 1322 2683 Nec
1339 2651 1434 2683 Mon.
1450 2651 1554 2683 Lach.
1718 2651 1781 2682 188
1795 2652 1865 2682 sint

260 2709 346 2740 Mar.
366 2708 463 2739 Junt.
481 2707 534 2738 for
549 2709 605 2737 sit.
652 2711 807 2738 extructa
827 2705 903 2737 Ald.
923 2707 940 2737 1
963 2705 1060 2737 Junt.
1083 2706 1136 2737 for
1155 2707 1310 2738 extricta.
1459 2705 1521 2738 191
1544 2705 1716 2736 cumulata
1731 2704 1759 2736 B
1776 2714 1864 2736 corr.

261 2763 352 2795 Brix.
372 2762 450 2793 Ver.
467 2761 552 2792 Ven.
571 2761 655 2791 Mar.
674 2760 726 2791 for
741 2761 867 2792 calata.
907 2761 1027 2801 procul
1042 2761 1113 2791 alta
1130 2759 1219 2791 Flor.
1237 2760 1277 2791 31
1295 2759 1414 2790 Camb.
1593 2759 1655 2790 192
1676 2768 1816 2798 uryuere
1834 2758 1866 2789 A

262 2817 357 2848 Nice.
375 2825 489 2856 uryere
506 2815 546 2846 B.
591 2824 729 2855 superne
744 2814 859 2845 Bentl.
878 2814 930 2845 for
946 2824 1098 2854 superna.
1257 2814 1319 2844 201
1336 2823 1352 2844 e
1368 2811 1478 2844 added
1494 2812 1538 2852 by
1553 2812 1647 2844 Nico.
1801 2812 1866 2844 205

265 2873 351 2904 color
368 2871 459 2903 Serv,
476 2869 520 2901 ad
534 2870 594 2901 ecl.
609 2879 644 2900 VI
660 2870 712 2907 33,
731 2869 814 2900 Mar.
836 2869 961 2901 Avanc.
984 2869 1128 2908 Nauger.
1179 2870 1270 2899 calor
1286 2868 1344 2898 AB
1361 2867 1452 2898 Nice.
1467 2867 1557 2899 Flor.
1575 2868 1615 2898 31
1633 2866 1752 2898 Gamb.
1764 2866 1861 2900 Junt.

265 2935 348 2957 mss.
365 2925 399 2956 of
420 2923 570 2955 Maerob.
587 2926 649 2955 sat.
670 2933 706 2954 VI
723 2924 742 2954 5
758 2924 792 2953 4:
818 2926 875 2963 yet
895 2925 983 2954 color
1002 2926 1096 2955 must
1117 2923 1157 2954 be
1177 2922 1284 2963 right:
1310 2922 1369 2954 the
1388 2931 1471 2953 mSS.
1488 2922 1524 2952 of
1547 2920 1741 2953 Macrobius
1757 2930 1866 2952 some·

268 2978 369 3008 times
385 2986 481 3017 agree
497 2977 670 3017 strangely
685 2976 768 3009 with
784 2977 883 3009 those
899 2978 937 3008 of
949 2977 1049 3008 Lucr.
1066 2977 1104 3008 in
1121 2976 1347 3017 corruptions.
1523 2975 1587 3007 208
1609 2976 1795 3006 Flammea-s
1818 2979 1866 3007 est
