1997 3267
144 179 224 220 124
917 163 991 206 III

253 279 304 316 ut
334 274 415 316 sibi
445 273 708 316 consciscant
738 273 950 315 maerenti
980 278 1152 330 pectore
1184 273 1321 314 letum

253 343 378 386 obliti
409 344 571 386 fontem
602 358 801 385 curarum
832 342 947 385 hunc
978 357 1069 385 esse
1101 343 1313 393 timorem,

255 482 370 524 hunc
399 495 553 523 vexare
583 479 802 536 pudorem,
833 479 947 521 hunc
977 479 1150 521 vincula
1179 477 1387 521 amicitiai

255 565 453 606 rumpere
485 554 530 591 et
560 549 606 590 in
636 563 805 590 summa
835 548 1045 604 pietatem
1077 554 1269 591 evertere
1301 548 1482 601 suadet3

257 635 356 661 nam
388 619 474 660 iam
505 632 632 674 saepe
664 617 859 659 homines
889 617 1075 673 patriam
1107 633 1308 674 carosque
1340 617 1533 674 parentis
1692 618 1744 671 85

256 689 550 745 prodiderunt,
581 687 717 728 vitare
748 687 987 728 Acherusia
1017 687 1181 743 templa
1210 693 1419 743 petentes.

256 773 357 800 nam
389 757 526 799 veluti
556 756 680 812 pueri
712 756 932 812 trepidant
963 761 1094 812 atque
1125 756 1269 797 omnia
1299 756 1435 797 caecis

255 828 301 869 in
332 826 522 869 tenebris
554 830 769 874 metuunt,
800 825 860 866 sic
890 840 967 866 nos
997 825 1043 866 in
1074 825 1167 866 luce
1199 825 1404 866 timemus

257 895 489 945 interdum,
520 894 607 935 nilo
638 908 748 949 quae
779 899 882 935 sunt
912 894 1148 935 metuenda
1179 894 1316 950 magis
1347 908 1477 949 quam

257 980 368 1021 quae
398 964 522 1020 pueri
552 963 597 1005 in
628 963 819 1005 tenebris
849 964 1048 1019 pavitant
1081 964 1337 1020 finguntque
1370 964 1527 1006 futura.
1692 975 1752 1018 90

256 1035 371 1076 hunc
401 1034 536 1090 igitur
566 1039 771 1074 terrorem
803 1033 936 1074 animi
968 1033 1253 1088 tenebrasque
1284 1037 1499 1074 necessest

258 1119 343 1145 non
373 1102 483 1144 radii
513 1102 612 1143 solis
643 1117 781 1157 neque
814 1101 956 1143 lucida
987 1102 1074 1143 tela
1105 1101 1192 1143 diei

257 1173 503 1222 discutiant,
535 1171 609 1213 sed
640 1178 820 1213 naturae
852 1172 1015 1227 species
1046 1171 1253 1226 ratioque.

317 1242 510 1284 Primum
542 1241 735 1282 animum
766 1240 872 1290 dico,
905 1246 1096 1282 mentem
1128 1255 1259 1296 quam
1290 1255 1417 1296 saepe
1449 1255 1662 1291 vocamus,

258 1313 305 1355 in
335 1327 419 1368 quo
450 1311 674 1353 consilium
706 1310 820 1352 vitae
852 1311 1129 1367 regimenque
1161 1311 1348 1352 locatum
1381 1316 1458 1360 est,
1697 1322 1750 1365 95

261 1397 351 1425 esse
382 1381 567 1423 hominis
597 1386 766 1436 partem
797 1381 884 1422 nilo
916 1381 1059 1422 minus
1090 1395 1138 1421 ac
1170 1395 1323 1422 manus
1355 1387 1398 1422 et
1430 1396 1506 1437 pes

261 1458 393 1508 atque
429 1451 566 1493 oculei
596 1455 741 1506 partes
772 1450 1008 1492 animantis
1040 1450 1176 1491 totius
1207 1454 1370 1493 extant.

262 1605 433 1634 sensum
464 1589 599 1631 animi
629 1593 747 1631 certa
777 1604 862 1630 non
893 1603 984 1630 esse
1016 1588 1061 1629 in
1095 1593 1215 1643 parte
1247 1588 1445 1638 locatum,

262 1675 411 1702 verum
444 1659 642 1701 habitum
675 1658 890 1714 quendam
923 1658 1100 1700 vitalem
1131 1657 1316 1713 corporis
1348 1673 1450 1708 esse,

264 1729 533 1772 harmoniam
565 1727 669 1770 Grai
699 1743 829 1783 quam
860 1727 1023 1776 dicunt,
1058 1727 1171 1783 quod
1203 1727 1331 1768 faciat
1363 1742 1439 1769 nos
1677 1741 1757 1771 100

263 1800 406 1841 vivere
437 1813 535 1840 cum
567 1813 704 1848 sensu,
736 1798 856 1839 nulla
886 1813 983 1839 cum
1014 1798 1058 1838 111
1091 1803 1213 1853 parte
1244 1798 1326 1839 siet
1358 1811 1504 1849 mens3

263 1875 314 1911 ut
343 1869 455 1910 bona
484 1882 610 1922 saepe
641 1866 843 1908 valetudo
874 1881 972 1908 cum
1003 1867 1163 1908 dicitur
1195 1881 1288 1909 esse

264 1937 459 1994 corporis,
490 1943 534 1978 et
564 1951 650 1977 non
681 1941 746 1978 est
778 1941 925 1977 tamen
957 1936 1061 1978 11300
1091 1951 1189 1991 pars
1220 1936 1310 1977 ulla
1340 1936 1534 1979 valentis.

265 2009 324 2050 sic
354 2007 488 2049 animi
518 2021 690 2048 sensum
721 2021 806 2048 non
837 2012 954 2048 certa
983 2012 1106 2062 parte
1136 2012 1377 2061 reponunt;

148 2116 283 2145 statum.
444 2111 484 2142 81
508 2110 711 2142 consciscant
734 2109 827 2141 Nice.
852 2109 905 2141 for
927 2111 1143 2141 coniciscant.
1299 2109 1341 2140 82
1364 2108 1381 2139 I
1404 2117 1542 2140 assume
1564 2118 1585 2140 a
1601 2118 1631 2142 v.
1659 2110 1695 2141 to
1716 2108 1759 2142 be

151 2166 219 2197 lost
234 2166 325 2203 here,
343 2165 428 2197 such
443 2175 482 2197 as
499 2166 566 2205 Qui
581 2167 715 2197 miseros
732 2165 877 2196 homines
894 2174 1009 2203 cogens
1025 2164 1130 2195 scelus
1147 2172 1238 2194 omne
1250 2168 1390 2203 patrare
1407 2175 1414 2195 :
1439 2172 1494 2194 see
1509 2165 1609 2194 notes
1625 2163 1656 2194 2.

195 2222 237 2253 84
259 2222 388 2252 suadet.
427 2221 536 2260 fundo
560 2219 681 2251 Lamb.
721 2220 850 2260 fraude
872 2218 978 2250 Lach.
1025 2219 1119 2250 clade
1143 2217 1243 2250 Bern.
1396 2218 1438 2250 94
1461 2228 1560 2258 quam
1583 2217 1760 2250 Charisius

152 2284 186 2315 p.
219 2275 281 2308 187
314 2274 402 2316 (210)
434 2274 487 2305 for
517 2283 625 2314 quem:
659 2283 696 2304 so
727 2273 819 2305 Mon.
855 2272 951 2304 Junt.
986 2271 1108 2304 Lamb.
1142 2271 1250 2303 Lach.
1299 2271 1379 2303 ‘hoc
1406 2271 1521 2312 ipsum
1552 2271 1656 2309 dedit,
1680 2273 1761 2305 ante

152 2339 257 2369 quam
287 2327 435 2360 Charisii
464 2327 550 2359 liber
580 2327 799 2365 innotuisset,
825 2326 1014 2364 Marullus;
1047 2325 1138 2365 quod
1165 2325 1284 2365 miror,
1311 2335 1389 2356 cum
1412 2324 1470 2356 ille
1494 2328 1567 2357 tam
1591 2325 1762 2358 subtiliter

152 2383 302 2415 iudicare
324 2393 394 2414 non
418 2382 545 2414 soleat'
568 2392 647 2423 says
667 2381 794 2414 Lach.:
818 2381 880 2412 but
905 2380 1074 2412 Marullus
1097 2379 1207 2411 found
1229 2379 1257 2410 it
1280 2379 1317 2410 in
1340 2379 1396 2411 his
1419 2389 1484 2411 mS.
1508 2381 1568 2412 out
1591 2380 1630 2412 of
1649 2379 1761 2413 which

153 2438 329 2470 Candidus
345 2437 417 2469 also
433 2439 490 2477 got
506 2436 545 2468 it.
718 2436 758 2469 95
777 2437 920 2467 locatum
937 2434 1022 2466 Mar.
1040 2434 1116 2467 Ald.
1137 2435 1155 2465 1
1173 2433 1270 2465 Junt.
1289 2434 1342 2465 for
1356 2439 1518 2467 vocatum.
1697 2436 1761 2468 988

153 2493 266 2525 before
292 2492 362 2524 this
388 2501 483 2524 verse
510 2501 575 2523 one
598 2501 636 2523 or
659 2501 752 2523 more
774 2490 861 2522 have
884 2490 968 2521 been
990 2490 1075 2521 lost:
1106 2488 1182 2520 Ald.
1208 2489 1226 2519 1
1242 2488 1332 2534 ‚thus
1357 2488 1510 2530 supplies
1533 2488 1572 2528 it,
1601 2490 1761 2530 Quamvis

153 2549 260 2580 multa
291 2547 424 2587 quidem
452 2547 641 2586 sapientum
672 2546 768 2576 turba
794 2549 950 2585 putaret:
982 2543 1068 2575 Mar.
1100 2543 1196 2575 Junt.
1232 2542 1300 2574 and
1330 2542 1401 2574 eds.
1425 2543 1464 2574 in
1487 2543 1623 2582 general
1646 2543 1761 2575 before

154 2602 259 2634 Lach.
285 2601 360 2641 give
382 2599 441 2631 the
463 2609 569 2639 same,
597 2599 658 2631 but
681 2599 733 2630 for
751 2603 889 2639 putaret
911 2607 1005 2629 more
1030 2597 1194 2638 correctly
1212 2601 1397 2637 putarunt:
1431 2597 1500 2628 Gif.
1524 2596 1588 2629 has
1613 2599 1762 2638 putarit,

154 2656 224 2689 and
244 2655 314 2688 this
335 2657 427 2694 note,
448 2654 518 2685 ‘Ita
538 2663 568 2685 v,
591 2663 624 2693 q.
645 2653 667 2685 1.
688 2655 800 2693 [vetus
824 2652 964 2693 quidam
986 2651 1098 2691 liber}
1145 2651 1182 2682 in
1206 2651 1250 2683 al.
1271 2655 1421 2692 putaret.
1447 2651 1491 2682 al.
1512 2649 1682 2691 putarat)
1728 2651 1762 2682 It

154 2711 185 2742 is
212 2712 273 2742 not
299 2708 511 2749 improbable
533 2707 593 2739 the
615 2717 647 2741 v.
676 2718 708 2747 q.
733 2708 756 2739 1.
780 2708 810 2739 is
833 2707 894 2740 the
917 2706 1002 2738 Ven.
1030 2706 1113 2738 with
1137 2706 1316 2738 Marullus’
1339 2715 1404 2736 ms.
1430 2708 1547 2737 notes:
1578 2704 1607 2736 it
1628 2704 1659 2736 is
1681 2714 1765 2745 very

156 2764 304 2805 possible
333 2765 391 2796 too
420 2762 498 2795 that
524 2766 662 2802 putaret
692 2761 729 2793 in
759 2761 837 2793 Ald.
870 2761 887 2792 1
917 2761 947 2792 is
971 2770 991 2792 a
1013 2760 1177 2800 misprint
1199 2760 1252 2791 for
1270 2761 1421 2801 putarit:
1455 2768 1510 2791 see
1532 2758 1624 2790 what
1655 2758 1672 2790 Ι
1703 2768 1765 2799 say

157 2818 262 2850 above
285 2827 318 2858 p.
347 2817 388 2848 10
410 2826 456 2848 011
478 2815 537 2847 the
559 2815 669 2856 heavy
691 2815 814 2855 charge
837 2814 986 2854 brought
1009 2814 1145 2854 against
1168 2813 1342 2845 Avancius
1367 2813 1412 2854 by
1434 2811 1540 2845 Lach.
1565 2811 1656 2844 here.
1702 2812 1763 2853 [As

159 2872 325 2904 Marullus
346 2871 515 2903 therefore
535 2870 572 2901 in
592 2870 665 2902 cod.
690 2869 817 2902 Victor.
836 2869 948 2900 writes
967 2873 1146 2909 putarunt,
1162 2870 1296 2909 putarit
1309 2878 1377 2900 was
1398 2866 1562 2909 probably
1578 2876 1623 2898 an
1645 2866 1765 2898 earlier

158 2926 374 2967 suggestion:
399 2935 454 2957 see
469 2934 505 2956 n.
522 2927 559 2957 to
575 2934 603 2956 11
620 2925 682 2956 529
697 2937 705 2956 :
730 2924 828 2955 other
843 2923 1018 2955 instances
1033 2922 1102 2954 will
1120 2922 1160 2954 be
1175 2921 1313 2954 noticed
1327 2922 1460 2963 below]
1577 2921 1640 2953 100
1649 2922 1764 2962 faciat
