1997 3267
912 165 976 206 VI
1654 182 1676 211 2
1681 183 1735 225 79

246 273 359 314 floris
390 273 517 314 odore
549 273 766 314 hominem
800 279 939 315 taetro
969 280 1173 316 consueta
1205 290 1364 318 necare.

243 341 406 383 scilicet
437 340 541 382 haec
574 340 669 382 ideo
701 341 824 382 terris
856 356 908 382 ex
941 342 1086 383 omnia
1116 350 1312 399 surgunt,

244 410 384 451 multa
415 409 551 451 modis
583 409 732 451 multis
764 410 1000 452 multarum
1033 411 1197 453 semina
1228 427 1369 454 rerum

243 479 357 535 quod
387 479 603 535 permixta
632 479 746 536 gerit
778 479 908 521 tellus
939 479 1209 536 discretaque
1241 482 1385 524 tradit.
1653 496 1735 539 790

243 555 587 603 nocturnumque
619 562 766 590 recens
797 548 1041 590 extinctum
1073 550 1219 592 lumen
1252 551 1326 593 ubi
1357 553 1441 594 acri

244 617 390 659 nidore
422 617 602 659 offendit
635 632 769 667 nares,
801 618 995 674 consopit
1027 618 1201 669 ibidem,

244 687 463 729 concidere
495 691 540 728 et
570 701 744 742 spumas
775 687 850 742 qui
882 687 1029 729 morbo
1062 689 1236 731 mittere
1268 690 1422 732 suevit.

243 761 517 811 castoreoque
547 755 669 812 gravi
700 755 856 797 mulier
887 756 1029 812 sopita
1059 757 1275 800 recumbit

244 829 290 866 et
320 823 520 865 manibus
551 823 739 865 nitidum
773 824 933 865 teneris
964 839 1070 880 opus
1103 826 1241 868 effluit
1272 827 1325 877 ei,
1652 840 1730 882 795

243 897 436 948 tempore
467 907 517 935 eo
547 893 583 934 si
615 893 834 935 odoratast
865 909 950 950 quo
982 901 1204 937 menstrua
1235 897 1374 939 solvit.

242 961 465 1017 multaque
497 968 720 1017 praeterea
752 962 1006 1019 languentia
1039 966 1233 1007 membra
1265 981 1341 1021 per
1371 973 1492 1008 artus

242 1031 415 1074 solvunt
445 1037 576 1087 atque
607 1031 796 1073 animam
830 1032 1094 1075 labefactant
1125 1035 1300 1076 sedibus
1331 1035 1461 1078 intus.

242 1101 428 1157 denique
460 1101 496 1142 si
527 1100 676 1143 calidis
708 1101 840 1143 etiam
873 1109 1076 1145 cunctare
1108 1103 1293 1146 lavabris

243 1170 408 1226 plenior
437 1176 482 1212 et
513 1169 678 1221 laveris,
709 1170 814 1212 solio
847 1171 1053 1214 ferventis
1083 1172 1212 1228 aquai
1652 1179 1735 1218 800

243 1254 372 1295 quam
404 1239 525 1281 facile
557 1239 602 1280 in
634 1239 776 1282 medio
806 1239 857 1282 fit
889 1240 956 1282 uti
987 1242 1063 1283 des
1094 1257 1221 1298 saepe
1254 1244 1425 1286 ruinas!

242 1309 561 1365 carbonumque
591 1309 736 1366 gravis
768 1308 832 1352 vis
862 1315 995 1366 atque
1027 1311 1129 1353 odor
1159 1312 1406 1355 insinuatur

241 1393 370 1435 quam
403 1378 525 1420 facile
556 1378 600 1419 in
633 1378 867 1429 cerebrum,
900 1380 983 1422 nisi
1013 1396 1170 1436 aquam
1203 1383 1502 1438 praecepimus
1532 1389 1656 1426 ante!

241 1453 288 1490 at
317 1462 415 1489 cum
447 1447 641 1490 membra
671 1448 824 1490 domus
856 1450 1049 1506 percepit
1081 1450 1272 1501 fervidu'‚
1304 1452 1447 1494 nervis

242 1524 337 1561 tum
367 1518 419 1560 fit
449 1518 551 1560 odor
582 1518 663 1560 viri
693 1519 847 1576 plagae
878 1520 1122 1562 mactabilis
1154 1521 1300 1563 instar.
1658 1525 1735 1575 805

242 1602 383 1630 nonne
415 1587 534 1630 vides
564 1588 697 1630 etiam
731 1594 847 1631 terra
877 1603 1047 1645 quoque
1080 1589 1230 1646 sulpur
1259 1590 1305 1632 in
1336 1591 1425 1647 ipsa

241 1659 411 1716 gignier
441 1665 486 1700 et
517 1664 658 1701 taetro
689 1674 956 1701 concrescere
987 1659 1114 1702 odore
1146 1660 1368 1712 bitumen3

243 1728 430 1785 denique
462 1729 537 1770 ubi
567 1728 739 1784 argenti
771 1743 901 1771 venas
932 1730 1112 1786 aurique
1143 1737 1359 1780 secuntur,

242 1797 373 1840 terrai
406 1797 581 1853 penitus
612 1802 853 1839 scrutantes
884 1797 1036 1840 abdita
1065 1799 1189 1848 ferro,

244 1866 382 1923 qualis
413 1865 581 1922 expiret
612 1865 900 1921 Scaptensula
929 1866 1080 1909 subter
1109 1867 1289 1910 odores?
1657 1872 1741 1913 810

241 1935 398 1993 quidve
429 1935 532 1976 mali
561 1934 613 1976 fit
643 1941 694 1977 ut
724 1935 929 1977 exhalent
958 1942 1112 1978 aurata
1142 1937 1340 1980 metalla!

243 2020 348 2061 quas
378 2004 602 2046 hominum
634 2003 822 2046 reddunt
853 2005 982 2047 facies
1012 2005 1237 2062 qualisque
1267 2007 1449 2049 colores!

129 2131 201 2164 Ald.
224 2132 241 2162 1
259 2130 357 2162 Junt.
380 2130 432 2162 for
452 2130 549 2161 iudeo
571 2131 645 2161 tris.
781 2131 844 2163 789
864 2130 895 2162 is
916 2129 1045 2170 rightly
1063 2130 1180 2172 joined
1201 2131 1246 2172 by
1261 2131 1379 2164 Camb.
1401 2132 1522 2165 Lamb.
1550 2133 1617 2165 Gif.
1642 2134 1737 2166 Wak.

128 2186 211 2218 with
227 2186 302 2219 790.
349 2185 478 2218 Creech
492 2185 600 2217 Lach.
618 2187 682 2218 etc.
703 2187 848 2217 connect
864 2184 892 2216 it
908 2185 993 2216 with
1009 2186 1082 2218 788.
1253 2186 1315 2219 791
1331 2189 1404 2219 acri
1419 2187 1540 2220 Lamb.
1558 2188 1608 2222 ed.
1629 2190 1649 2220 2
1666 2189 1740 2222 first

128 2241 182 2273 ior
197 2243 296 2274 acris.
448 2241 511 2273 793
529 2246 560 2272 et
575 2250 707 2281 spumas
724 2240 862 2280 Madvig
876 2239 913 2271 in
929 2239 1145 2272 Henrichsen
1161 2240 1202 2273 de
1217 2241 1338 2281 fragm.
1360 2241 1516 2284 Gottorp.
1534 2253 1567 2284 p.
1585 2245 1626 2277 37
1643 2244 1694 2276 for
1710 2251 1742 2277 et

121 2305 256 2337 pumos:
280 2305 413 2336 spumas
436 2295 555 2328 Lamb.
585 2295 693 2327 found
715 2295 751 2326 in
775 2305 882 2335 marg.
908 2295 944 2327 of
973 2295 1047 2327 cod.
1072 2295 1273 2328 Memmian.
1319 2297 1424 2330 Lach.
1449 2300 1530 2339 puts
1553 2298 1624 2331 this
1648 2309 1741 2331 verse

127 2350 216 2382 after
239 2350 300 2382 801
325 2349 395 2382 and
415 2348 516 2381 reads
539 2354 571 2380 et
594 2358 743 2390 spumam
764 2354 803 2381 ut
825 2349 1031 2390 perversely:
1064 2348 1160 2382 older
1183 2350 1392 2383 corrections
1417 2361 1475 2384 are
1501 2353 1684 2394 unworthy
1707 2355 1743 2387 of

126 2403 251 2437 notice.
382 2404 446 2436 798
462 2404 667 2445 labefactant
681 2403 773 2435 Flor.
791 2404 832 2435 31
849 2403 966 2436 Camb.
983 2403 1070 2436 Mar.
1087 2404 1163 2437 Ver.
1180 2404 1263 2438 Ven.
1284 2405 1336 2437 for
1352 2407 1569 2447 labefaciant.

171 2458 234 2490 799
250 2461 405 2489 cunctare
421 2456 524 2490 Lach.
545 2457 597 2489 for
612 2462 775 2489 cunctere.
923 2458 987 2490 800
1002 2462 1035 2489 et
1051 2459 1184 2496 laveris,
1201 2459 1284 2490 solio
1299 2459 1403 2493 Lach.
1425 2460 1477 2492 for
1490 2462 1632 2501 efflueris
1646 2463 1738 2494 solio.

127 2517 160 2544 et
178 2513 308 2553 frueris
323 2512 406 2543 solio
422 2510 536 2543 Madv.
553 2510 575 2542 1.
592 2510 634 2544 1.:
659 2510 719 2543 the
739 2520 881 2551 passage
903 2511 933 2543 is
951 2521 1034 2552 very
1049 2511 1220 2544 doubtful.
1374 2514 1438 2546 803
1454 2525 1577 2556 aquam
1591 2515 1683 2548 Flor.
1700 2517 1740 2548 31

128 2566 246 2599 Camb.
263 2565 362 2597 Pont.
379 2565 466 2598 Mar.
485 2565 506 2596 J
509 2566 583 2596 unt.
599 2564 653 2597 for
667 2575 769 2606 aqua.
937 2565 1001 2597 804
1015 2567 1158 2597 membra
1175 2567 1285 2598 domus
1302 2566 1379 2599 Vat.
1396 2568 1481 2601 3276
1496 2568 1591 2602 Brix.
1607 2570 1689 2601 Pius
1705 2570 1741 2602 in

127 2625 237 2659 notes,
254 2621 404 2653 Gronov.
419 2620 524 2653 Lach.
544 2620 598 2652 for
612 2622 755 2652 membra
771 2621 917 2653 domnus.
960 2621 1082 2653 domin’
1100 2621 1192 2653 Nice.
1230 2622 1380 2654 dominus
1396 2623 1474 2655 Ver.
1492 2623 1577 2656 Ven.
1593 2625 1738 2666 Nauger.

128 2675 231 2707 donus
246 2673 336 2706 Flor.
355 2673 396 2705 31
418 2672 536 2706 Gamb.
561 2674 628 2704 two
644 2672 722 2704 Vat.
768 2674 911 2704 membra
931 2673 1067 2705 domans
1089 2673 1175 2705 Mar.
1192 2673 1289 2707 Junt.
1315 2674 1360 2706 Is.
1377 2674 1475 2707 Voss.
1491 2676 1528 2707 in
1551 2686 1615 2708 ms.
1633 2680 1739 2715 notes,

128 2728 241 2761 Madv.
258 2726 318 2759 1.1.
363 2727 505 2759 membra
527 2727 668 2758 hominis
683 2726 804 2757 Lamb.
910 2727 1070 2768 fervidu’‚
1086 2729 1197 2759 nervis
1215 2727 1280 2760 Ed.
1299 2728 1466 2770 (fervida,
1483 2732 1594 2762 nervis
1609 2731 1738 2773 Wak.):

126 2783 187 2815 the
201 2792 225 2814 n
239 2781 276 2813 of
289 2782 399 2813 nervis
415 2790 484 2812 was
499 2780 635 2812 written
651 2790 731 2813 over
747 2781 806 2813 the
821 2781 891 2813 line
906 2781 974 2813 and
989 2782 1142 2823 Wrongly
1157 2782 1317 2815 attached
1329 2786 1365 2815 to
1381 2784 1508 2816 domus:
1532 2784 1639 2817 hence
1653 2787 1739 2818 dom-

126 2847 200 2869 nus.
237 2836 406 2876 fervidior
434 2837 487 2866 vis
516 2834 621 2868 Lach.
656 2835 708 2867 for
732 2837 870 2875 fervida
899 2837 1002 2868 servis
1032 2836 1062 2867 A
1091 2836 1184 2868 Nicc.
1223 2838 1363 2878 fervida
1387 2839 1495 2880 fervis
1524 2838 1569 2870 B:
1600 2840 1737 2881 fervida

121 2892 229 2934 febris
244 2889 365 2922 Lamb.
382 2890 429 2921 Is.
447 2889 545 2922 Voss.
562 2889 599 2921 in
615 2900 677 2922 ms.
697 2893 806 2930 notes,
827 2889 942 2922 Madv.
1020 2891 1083 2923 805
1098 2892 1167 2923 viri
1184 2891 1265 2923 Pius
1281 2891 1318 2923 in
1334 2895 1444 2931 notes,
1462 2893 1570 2925 Lach.
1587 2893 1640 2926 for
1654 2896 1738 2928 vini.

170 2944 234 2977 806
249 2945 325 2985 ipsa
341 2943 431 2977 Flor.
453 2945 493 2976 31
511 2943 629 2976 Camb.
644 2944 744 2977 Pont.
762 2945 815 2977 for
830 2947 911 2986 ipso.
1106 2946 1169 2978 808
1185 2947 1318 2986 argenti
1333 2946 1425 2979 Flor.
1446 2948 1486 2979 31
1504 2947 1625 2980 Camb.
1642 2948 1734 2981 Mon.
