<?xml version="1.0" encoding="UTF-8"?>
<!DOCTYPE html PUBLIC "-//W3C//DTD XHTML 1.0 Transitional//EN"
    "http://www.w3.org/TR/xhtml1/DTD/xhtml1-transitional.dtd">
<html xmlns="http://www.w3.org/1999/xhtml" xml:lang="en" lang="en">
 <head>
  <title>
</title>
<meta http-equiv="Content-Type" content="text/html;charset=utf-8" />
  <meta name='ocr-system' content='tesseract 3.04.00' />
  <meta name='ocr-capabilities' content='ocr_page ocr_carea ocr_par ocr_line ocrx_word'/>
</head>
<body>
  <div class='ocr_page' id='page_1' title='image "./lucreticariderer01lucruoft_0172.png"; bbox 0 0 1997 3267; ppageno 0'>
   <div class='ocr_carea' id='block_1_1' title="bbox 330 155 1167 212">
    <p class='ocr_par' dir='ltr' id='par_1_1' title="bbox 330 155 1167 212">
     <span class='ocr_line' id='line_1_1' title="bbox 330 155 1167 212; baseline -0.006 -11"><span class='ocrx_word' id='word_1_1' title='bbox 330 159 409 212; x_wconf 71' lang='lat'>156</span> <span class='ocrx_word' id='word_1_2' title='bbox 1094 155 1167 197; x_wconf 90' lang='lat' dir='ltr'>III</span> 
     </span>
    </p>
   </div>
   <div class='ocr_carea' id='block_1_2' title="bbox 440 264 1941 2255">
    <p class='ocr_par' dir='ltr' id='par_1_2' title="bbox 440 264 1941 2255">
     <span class='ocr_line' id='line_1_2' title="bbox 440 264 1651 323; baseline -0.003 -14"><span class='ocrx_word' id='word_1_3' title='bbox 440 267 515 323; x_wconf 91' lang='lat' dir='ltr'>qui</span> <span class='ocrx_word' id='word_1_4' title='bbox 546 267 694 308; x_wconf 89' lang='lat' dir='ltr'>melior</span> <span class='ocrx_word' id='word_1_5' title='bbox 725 265 874 307; x_wconf 89' lang='lat' dir='ltr'>multis</span> <span class='ocrx_word' id='word_1_6' title='bbox 906 280 1035 321; x_wconf 88' lang='lat' dir='ltr'>quam</span> <span class='ocrx_word' id='word_1_7' title='bbox 1066 270 1117 307; x_wconf 90' lang='lat' dir='ltr'>tu</span> <span class='ocrx_word' id='word_1_8' title='bbox 1148 265 1244 314; x_wconf 86' lang='lat' dir='ltr'>fuit,</span> <span class='ocrx_word' id='word_1_9' title='bbox 1274 264 1479 320; x_wconf 85' lang='lat' dir='ltr'>improbe,</span> <span class='ocrx_word' id='word_1_10' title='bbox 1512 264 1651 306; x_wconf 91' lang='lat' dir='ltr'>rebus.</span> 
     </span>
     <span class='ocr_line' id='line_1_3' title="bbox 440 337 1442 392; baseline -0.004 -13"><span class='ocrx_word' id='word_1_11' title='bbox 440 338 540 379; x_wconf 90' lang='lat' dir='ltr'>inde</span> <span class='ocrx_word' id='word_1_12' title='bbox 570 337 643 379; x_wconf 89' lang='lat' dir='ltr'>alii</span> <span class='ocrx_word' id='word_1_13' title='bbox 675 337 802 378; x_wconf 87' lang='lat' dir='ltr'>multi</span> <span class='ocrx_word' id='word_1_14' title='bbox 831 351 953 392; x_wconf 87' lang='lat' dir='ltr'>reges</span> <span class='ocrx_word' id='word_1_15' title='bbox 983 350 1212 390; x_wconf 80' lang='lat' dir='ltr'>rerumque</span> <span class='ocrx_word' id='word_1_16' title='bbox 1243 339 1442 390; x_wconf 89' lang='lat' dir='ltr'>potentes</span> 
     </span>
     <span class='ocr_line' id='line_1_4' title="bbox 441 403 1584 462; baseline -0.004 -14"><span class='ocrx_word' id='word_1_17' title='bbox 441 406 699 456; x_wconf 87' lang='lat' dir='ltr'>occiderunt,</span> <span class='ocrx_word' id='word_1_18' title='bbox 730 406 898 462; x_wconf 87' lang='lat' dir='ltr'>magnis</span> <span class='ocrx_word' id='word_1_19' title='bbox 929 405 1003 460; x_wconf 91' lang='lat' dir='ltr'>qui</span> <span class='ocrx_word' id='word_1_20' title='bbox 1033 404 1237 460; x_wconf 88' lang='lat' dir='ltr'>gentibus</span> <span class='ocrx_word' id='word_1_21' title='bbox 1268 403 1584 458; x_wconf 87' lang='lat' dir='ltr'>imperitarunt.</span> 
     </span>
     <span class='ocr_line' id='line_1_5' title="bbox 441 472 1835 530; baseline -0.002 -15"><span class='ocrx_word' id='word_1_22' title='bbox 441 474 513 516; x_wconf 89' lang='lat' dir='ltr'>ille</span> <span class='ocrx_word' id='word_1_23' title='bbox 545 489 713 530; x_wconf 91' lang='lat' dir='ltr'>quoque</span> <span class='ocrx_word' id='word_1_24' title='bbox 745 474 847 529; x_wconf 89' lang='lat' dir='ltr'>ipse,</span> <span class='ocrx_word' id='word_1_25' title='bbox 878 473 992 514; x_wconf 86' lang='lat' dir='ltr'>viam</span> <span class='ocrx_word' id='word_1_26' title='bbox 1024 473 1098 528; x_wconf 90' lang='lat' dir='ltr'>qui</span> <span class='ocrx_word' id='word_1_27' title='bbox 1129 472 1343 528; x_wconf 88' lang='lat' dir='ltr'>quondam</span> <span class='ocrx_word' id='word_1_28' title='bbox 1376 486 1452 527; x_wconf 89' lang='lat' dir='ltr'>per</span> <span class='ocrx_word' id='word_1_29' title='bbox 1482 486 1598 512; x_wconf 89' lang='lat' dir='ltr'>mare</span> <span class='ocrx_word' id='word_1_30' title='bbox 1629 485 1835 528; x_wconf 88' lang='lat' dir='ltr'>magnum</span> 
     </span>
     <span class='ocr_line' id='line_1_6' title="bbox 443 539 1933 598; baseline -0.001 -15"><span class='ocrx_word' id='word_1_31' title='bbox 443 543 595 584; x_wconf 77' lang='lat' dir='ltr'>stravit</span> <span class='ocrx_word' id='word_1_32' title='bbox 628 542 794 598; x_wconf 82' lang='lat' dir='ltr'>iterque</span> <span class='ocrx_word' id='word_1_33' title='bbox 826 541 946 583; x_wconf 94' lang='lat' dir='ltr'>dedit</span> <span class='ocrx_word' id='word_1_34' title='bbox 978 540 1217 597; x_wconf 83' lang='lat' dir='ltr'>legionibus</span> <span class='ocrx_word' id='word_1_35' title='bbox 1248 540 1309 581; x_wconf 87' lang='lat' dir='ltr'>ire</span> <span class='ocrx_word' id='word_1_36' title='bbox 1341 555 1417 595; x_wconf 89' lang='lat' dir='ltr'>per</span> <span class='ocrx_word' id='word_1_37' title='bbox 1447 539 1585 580; x_wconf 89' lang='lat' dir='ltr'>altum</span> <span class='ocrx_word' id='word_1_38' title='bbox 1824 551 1933 592; x_wconf 85' lang='lat'>1030</span> 
     </span>
     <span class='ocr_line' id='line_1_7' title="bbox 442 610 1481 666; baseline -0.003 -14"><span class='ocrx_word' id='word_1_39' title='bbox 442 625 491 652; x_wconf 89' lang='lat' dir='ltr'>ac</span> <span class='ocrx_word' id='word_1_40' title='bbox 522 610 703 666; x_wconf 89' lang='lat' dir='ltr'>pedibus</span> <span class='ocrx_word' id='word_1_41' title='bbox 733 611 864 652; x_wconf 86' lang='lat' dir='ltr'>salsas</span> <span class='ocrx_word' id='word_1_42' title='bbox 895 610 1042 651; x_wconf 86' lang='lat' dir='ltr'>docuit</span> <span class='ocrx_word' id='word_1_43' title='bbox 1072 624 1271 665; x_wconf 89' lang='lat' dir='ltr'>superare</span> <span class='ocrx_word' id='word_1_44' title='bbox 1303 610 1481 650; x_wconf 88' lang='lat' dir='ltr'>lucunas</span> 
     </span>
     <span class='ocr_line' id='line_1_8' title="bbox 444 677 1559 735; baseline -0.003 -13"><span class='ocrx_word' id='word_1_45' title='bbox 444 686 488 721; x_wconf 92' lang='lat' dir='ltr'>et</span> <span class='ocrx_word' id='word_1_46' title='bbox 519 679 747 722; x_wconf 70' lang='lat' dir='ltr'>contemsit</span> <span class='ocrx_word' id='word_1_47' title='bbox 780 679 900 735; x_wconf 90' lang='lat' dir='ltr'>equis</span> <span class='ocrx_word' id='word_1_48' title='bbox 931 679 1143 721; x_wconf 87' lang='lat' dir='ltr'>insultans</span> <span class='ocrx_word' id='word_1_49' title='bbox 1174 694 1395 720; x_wconf 87' lang='lat' dir='ltr'>murmura</span> <span class='ocrx_word' id='word_1_50' title='bbox 1425 677 1559 734; x_wconf 88' lang='lat' dir='ltr'>ponti,</span> 
     </span>
     <span class='ocr_line' id='line_1_9' title="bbox 446 746 1702 804; baseline 0 -13"><span class='ocrx_word' id='word_1_51' title='bbox 446 750 606 791; x_wconf 90' lang='lat' dir='ltr'>lumine</span> <span class='ocrx_word' id='word_1_52' title='bbox 638 750 840 804; x_wconf 84' lang='lat' dir='ltr'>adempto</span> <span class='ocrx_word' id='word_1_53' title='bbox 871 749 1059 790; x_wconf 86' lang='lat' dir='ltr'>animam</span> <span class='ocrx_word' id='word_1_54' title='bbox 1090 748 1345 790; x_wconf 89' lang='lat' dir='ltr'>moribundo</span> <span class='ocrx_word' id='word_1_55' title='bbox 1375 762 1547 804; x_wconf 90' lang='lat' dir='ltr'>corpore</span> <span class='ocrx_word' id='word_1_56' title='bbox 1579 746 1702 791; x_wconf 85' lang='lat' dir='ltr'>fudit.</span> 
     </span>
     <span class='ocr_line' id='line_1_10' title="bbox 446 817 1514 874; baseline -0.001 -15"><span class='ocrx_word' id='word_1_57' title='bbox 446 819 678 874; x_wconf 83' lang='lat' dir='ltr'>Scipiadas,</span> <span class='ocrx_word' id='word_1_58' title='bbox 709 818 811 860; x_wconf 89' lang='lat' dir='ltr'>belli</span> <span class='ocrx_word' id='word_1_59' title='bbox 843 819 1018 869; x_wconf 89' lang='lat' dir='ltr'>fulmen,</span> <span class='ocrx_word' id='word_1_60' title='bbox 1050 817 1326 874; x_wconf 83' lang='lat' dir='ltr'>Carthaginis</span> <span class='ocrx_word' id='word_1_61' title='bbox 1358 817 1514 868; x_wconf 87' lang='lat' dir='ltr'>horror,</span> 
     </span>
     <span class='ocr_line' id='line_1_11' title="bbox 446 887 1931 943; baseline 0.001 -14"><span class='ocrx_word' id='word_1_62' title='bbox 446 903 540 929; x_wconf 87' lang='lat' dir='ltr'>ossa</span> <span class='ocrx_word' id='word_1_63' title='bbox 569 887 690 929; x_wconf 90' lang='lat' dir='ltr'>dedit</span> <span class='ocrx_word' id='word_1_64' title='bbox 721 893 860 929; x_wconf 86' lang='lat' dir='ltr'>terrae</span> <span class='ocrx_word' id='word_1_65' title='bbox 893 887 1070 943; x_wconf 91' lang='lat' dir='ltr'>proinde</span> <span class='ocrx_word' id='word_1_66' title='bbox 1101 902 1150 929; x_wconf 88' lang='lat' dir='ltr'>ac</span> <span class='ocrx_word' id='word_1_67' title='bbox 1181 888 1313 928; x_wconf 87' lang='lat' dir='ltr'>famul</span> <span class='ocrx_word' id='word_1_68' title='bbox 1345 887 1519 928; x_wconf 86' lang='lat' dir='ltr'>infimus</span> <span class='ocrx_word' id='word_1_69' title='bbox 1551 892 1673 929; x_wconf 90' lang='lat' dir='ltr'>esset.</span> <span class='ocrx_word' id='word_1_70' title='bbox 1825 895 1931 940; x_wconf 82' lang='lat'>1035</span> 
     </span>
     <span class='ocr_line' id='line_1_12' title="bbox 445 956 1546 1012; baseline -0.002 -14"><span class='ocrx_word' id='word_1_71' title='bbox 445 956 554 998; x_wconf 86' lang='lat' dir='ltr'>adde</span> <span class='ocrx_word' id='word_1_72' title='bbox 585 962 823 1012; x_wconf 71' lang='lat' dir='ltr'>repertores</span> <span class='ocrx_word' id='word_1_73' title='bbox 854 956 1145 998; x_wconf 72' lang='lat' dir='ltr'>doctrinarum</span> <span class='ocrx_word' id='word_1_74' title='bbox 1177 962 1308 1011; x_wconf 89' lang='lat' dir='ltr'>atque</span> <span class='ocrx_word' id='word_1_75' title='bbox 1339 956 1546 1012; x_wconf 88' lang='lat' dir='ltr'>leporum,</span> 
     </span>
     <span class='ocr_line' id='line_1_13' title="bbox 445 1024 1762 1080; baseline 0 -14"><span class='ocrx_word' id='word_1_76' title='bbox 445 1024 554 1066; x_wconf 87' lang='lat' dir='ltr'>adde</span> <span class='ocrx_word' id='word_1_77' title='bbox 587 1024 918 1066; x_wconf 87' lang='lat' dir='ltr'>Heliconiadum</span> <span class='ocrx_word' id='word_1_78' title='bbox 951 1024 1151 1076; x_wconf 79' lang='lat' dir='ltr'>comites3</span> <span class='ocrx_word' id='word_1_79' title='bbox 1192 1039 1372 1080; x_wconf 87' lang='lat' dir='ltr'>quorum</span> <span class='ocrx_word' id='word_1_80' title='bbox 1404 1039 1516 1065; x_wconf 81' lang='lat' dir='ltr'>unus</span> <span class='ocrx_word' id='word_1_81' title='bbox 1548 1024 1762 1066; x_wconf 85' lang='lat' dir='ltr'>Homerus</span> 
     </span>
     <span class='ocr_line' id='line_1_14' title="bbox 446 1093 1531 1149; baseline 0 -13"><span class='ocrx_word' id='word_1_82' title='bbox 446 1100 615 1149; x_wconf 85' lang='lat' dir='ltr'>sceptra</span> <span class='ocrx_word' id='word_1_83' title='bbox 645 1093 809 1149; x_wconf 87' lang='lat' dir='ltr'>potitus</span> <span class='ocrx_word' id='word_1_84' title='bbox 840 1094 989 1135; x_wconf 88' lang='lat' dir='ltr'>eadem</span> <span class='ocrx_word' id='word_1_85' title='bbox 1021 1094 1116 1135; x_wconf 88' lang='lat' dir='ltr'>aliis</span> <span class='ocrx_word' id='word_1_86' title='bbox 1147 1093 1300 1149; x_wconf 86' lang='lat' dir='ltr'>sopitu&#39;</span> <span class='ocrx_word' id='word_1_87' title='bbox 1331 1093 1531 1149; x_wconf 89' lang='lat' dir='ltr'>quietest.</span> 
     </span>
     <span class='ocr_line' id='line_1_15' title="bbox 447 1163 1648 1218; baseline 0 -13"><span class='ocrx_word' id='word_1_88' title='bbox 447 1163 631 1218; x_wconf 86' lang='lat' dir='ltr'>denique</span> <span class='ocrx_word' id='word_1_89' title='bbox 664 1163 961 1204; x_wconf 84' lang='lat' dir='ltr'>Democritum</span> <span class='ocrx_word' id='word_1_90' title='bbox 992 1169 1219 1218; x_wconf 85' lang='lat' dir='ltr'>postquam</span> <span class='ocrx_word' id='word_1_91' title='bbox 1253 1170 1423 1205; x_wconf 88' lang='lat' dir='ltr'>matura</span> <span class='ocrx_word' id='word_1_92' title='bbox 1454 1169 1648 1205; x_wconf 86' lang='lat' dir='ltr'>vetustas</span> 
     </span>
     <span class='ocr_line' id='line_1_16' title="bbox 446 1233 1937 1290; baseline 0.002 -17"><span class='ocrx_word' id='word_1_93' title='bbox 446 1233 672 1274; x_wconf 83' lang='lat' dir='ltr'>admonuit</span> <span class='ocrx_word' id='word_1_94' title='bbox 703 1248 912 1274; x_wconf 85' lang='lat' dir='ltr'>memores</span> <span class='ocrx_word' id='word_1_95' title='bbox 942 1239 1085 1275; x_wconf 89' lang='lat' dir='ltr'>motus</span> <span class='ocrx_word' id='word_1_96' title='bbox 1116 1234 1388 1290; x_wconf 84' lang='lat' dir='ltr'>languescere</span> <span class='ocrx_word' id='word_1_97' title='bbox 1420 1234 1590 1284; x_wconf 89' lang='lat' dir='ltr'>mentis,</span> <span class='ocrx_word' id='word_1_98' title='bbox 1828 1245 1937 1285; x_wconf 89' lang='lat'>1040</span> 
     </span>
     <span class='ocr_line' id='line_1_17' title="bbox 448 1302 1495 1358; baseline 0.001 -15"><span class='ocrx_word' id='word_1_99' title='bbox 448 1308 599 1357; x_wconf 87' lang='lat' dir='ltr'>sponte</span> <span class='ocrx_word' id='word_1_100' title='bbox 630 1316 709 1343; x_wconf 90' lang='lat' dir='ltr'>sua</span> <span class='ocrx_word' id='word_1_101' title='bbox 739 1302 825 1344; x_wconf 89' lang='lat' dir='ltr'>leto</span> <span class='ocrx_word' id='word_1_102' title='bbox 857 1308 987 1358; x_wconf 88' lang='lat' dir='ltr'>caput</span> <span class='ocrx_word' id='word_1_103' title='bbox 1019 1303 1170 1344; x_wconf 87' lang='lat' dir='ltr'>obvius</span> <span class='ocrx_word' id='word_1_104' title='bbox 1201 1303 1361 1358; x_wconf 87' lang='lat' dir='ltr'>optulit</span> <span class='ocrx_word' id='word_1_105' title='bbox 1392 1303 1495 1358; x_wconf 89' lang='lat' dir='ltr'>ipse.</span> 
     </span>
     <span class='ocr_line' id='line_1_18' title="bbox 447 1371 1471 1426; baseline 0.002 -14"><span class='ocrx_word' id='word_1_106' title='bbox 447 1371 538 1426; x_wconf 88' lang='lat' dir='ltr'>ipse</span> <span class='ocrx_word' id='word_1_107' title='bbox 572 1371 783 1426; x_wconf 88' lang='lat' dir='ltr'>Epicurus</span> <span class='ocrx_word' id='word_1_108' title='bbox 814 1371 907 1413; x_wconf 91' lang='lat' dir='ltr'>obit</span> <span class='ocrx_word' id='word_1_109' title='bbox 938 1371 1116 1413; x_wconf 89' lang='lat' dir='ltr'>decurso</span> <span class='ocrx_word' id='word_1_110' title='bbox 1149 1372 1311 1413; x_wconf 87' lang='lat' dir='ltr'>lumine</span> <span class='ocrx_word' id='word_1_111' title='bbox 1343 1372 1471 1422; x_wconf 86' lang='lat' dir='ltr'>vitae,</span> 
     </span>
     <span class='ocr_line' id='line_1_19' title="bbox 449 1440 1658 1497; baseline 0.001 -16"><span class='ocrx_word' id='word_1_112' title='bbox 449 1440 524 1496; x_wconf 91' lang='lat' dir='ltr'>qui</span> <span class='ocrx_word' id='word_1_113' title='bbox 553 1455 690 1496; x_wconf 89' lang='lat' dir='ltr'>genus</span> <span class='ocrx_word' id='word_1_114' title='bbox 722 1440 959 1482; x_wconf 89' lang='lat' dir='ltr'>humanum</span> <span class='ocrx_word' id='word_1_115' title='bbox 991 1441 1164 1497; x_wconf 86' lang='lat' dir='ltr'>ingenio</span> <span class='ocrx_word' id='word_1_116' title='bbox 1195 1441 1415 1496; x_wconf 88' lang='lat' dir='ltr'>superavit</span> <span class='ocrx_word' id='word_1_117' title='bbox 1446 1446 1490 1482; x_wconf 90' lang='lat' dir='ltr'>et</span> <span class='ocrx_word' id='word_1_118' title='bbox 1521 1441 1658 1483; x_wconf 90' lang='lat' dir='ltr'>omnis</span> 
     </span>
     <span class='ocr_line' id='line_1_20' title="bbox 450 1509 1498 1558; baseline 0.001 -8"><span class='ocrx_word' id='word_1_119' title='bbox 450 1509 682 1558; x_wconf 83' lang='lat' dir='ltr'>restincxit,</span> <span class='ocrx_word' id='word_1_120' title='bbox 714 1509 859 1550; x_wconf 86' lang='lat' dir='ltr'>stellas</span> <span class='ocrx_word' id='word_1_121' title='bbox 890 1516 1061 1551; x_wconf 82' lang='lat' dir='ltr'>exortus</span> <span class='ocrx_word' id='word_1_122' title='bbox 1093 1515 1143 1551; x_wconf 88' lang='lat' dir='ltr'>ut</span> <span class='ocrx_word' id='word_1_123' title='bbox 1173 1509 1394 1551; x_wconf 84' lang='lat' dir='ltr'>aetherius</span> <span class='ocrx_word' id='word_1_124' title='bbox 1425 1510 1498 1552; x_wconf 90' lang='lat' dir='ltr'>sol.</span> 
     </span>
     <span class='ocr_line' id='line_1_21' title="bbox 450 1577 1933 1634; baseline 0.001 -14"><span class='ocrx_word' id='word_1_125' title='bbox 450 1584 498 1620; x_wconf 89' lang='lat' dir='ltr'>tu</span> <span class='ocrx_word' id='word_1_126' title='bbox 531 1593 629 1619; x_wconf 89' lang='lat' dir='ltr'>vero</span> <span class='ocrx_word' id='word_1_127' title='bbox 659 1577 879 1619; x_wconf 88' lang='lat' dir='ltr'>dubitabis</span> <span class='ocrx_word' id='word_1_128' title='bbox 912 1584 955 1620; x_wconf 90' lang='lat' dir='ltr'>et</span> <span class='ocrx_word' id='word_1_129' title='bbox 986 1578 1266 1634; x_wconf 84' lang='lat' dir='ltr'>indignabere</span> <span class='ocrx_word' id='word_1_130' title='bbox 1298 1579 1447 1620; x_wconf 79' lang='lat' dir='ltr'>obire?</span> <span class='ocrx_word' id='word_1_131' title='bbox 1829 1591 1933 1632; x_wconf 88' lang='lat'>1045</span> 
     </span>
     <span class='ocr_line' id='line_1_22' title="bbox 450 1647 1715 1703; baseline 0.002 -15"><span class='ocrx_word' id='word_1_132' title='bbox 450 1652 620 1689; x_wconf 89' lang='lat' dir='ltr'>mortua</span> <span class='ocrx_word' id='word_1_133' title='bbox 650 1647 720 1688; x_wconf 89' lang='lat' dir='ltr'>cui</span> <span class='ocrx_word' id='word_1_134' title='bbox 751 1647 842 1688; x_wconf 87' lang='lat' dir='ltr'>vita</span> <span class='ocrx_word' id='word_1_135' title='bbox 873 1653 937 1688; x_wconf 91' lang='lat' dir='ltr'>est</span> <span class='ocrx_word' id='word_1_136' title='bbox 968 1662 1099 1703; x_wconf 89' lang='lat' dir='ltr'>prope</span> <span class='ocrx_word' id='word_1_137' title='bbox 1131 1648 1217 1689; x_wconf 90' lang='lat' dir='ltr'>iam</span> <span class='ocrx_word' id='word_1_138' title='bbox 1251 1647 1346 1689; x_wconf 87' lang='lat' dir='ltr'>vivo</span> <span class='ocrx_word' id='word_1_139' title='bbox 1377 1654 1509 1703; x_wconf 88' lang='lat' dir='ltr'>atque</span> <span class='ocrx_word' id='word_1_140' title='bbox 1540 1647 1715 1699; x_wconf 89' lang='lat' dir='ltr'>videnti,</span> 
     </span>
     <span class='ocr_line' id='line_1_23' title="bbox 451 1717 1479 1772; baseline 0 -14"><span class='ocrx_word' id='word_1_141' title='bbox 451 1717 525 1772; x_wconf 90' lang='lat' dir='ltr'>qui</span> <span class='ocrx_word' id='word_1_142' title='bbox 555 1731 702 1757; x_wconf 89' lang='lat' dir='ltr'>somno</span> <span class='ocrx_word' id='word_1_143' title='bbox 733 1723 899 1771; x_wconf 86' lang='lat' dir='ltr'>partem</span> <span class='ocrx_word' id='word_1_144' title='bbox 932 1717 1137 1758; x_wconf 89' lang='lat' dir='ltr'>maiorem</span> <span class='ocrx_word' id='word_1_145' title='bbox 1169 1717 1353 1758; x_wconf 89' lang='lat' dir='ltr'>conteris</span> <span class='ocrx_word' id='word_1_146' title='bbox 1383 1717 1479 1758; x_wconf 88' lang='lat' dir='ltr'>aevi</span> 
     </span>
     <span class='ocr_line' id='line_1_24' title="bbox 451 1785 1562 1842; baseline 0.001 -15"><span class='ocrx_word' id='word_1_147' title='bbox 451 1791 495 1827; x_wconf 89' lang='lat' dir='ltr'>et</span> <span class='ocrx_word' id='word_1_148' title='bbox 526 1785 709 1842; x_wconf 85' lang='lat' dir='ltr'>vigilans</span> <span class='ocrx_word' id='word_1_149' title='bbox 739 1786 887 1827; x_wconf 90' lang='lat' dir='ltr'>stertis</span> <span class='ocrx_word' id='word_1_150' title='bbox 917 1801 995 1828; x_wconf 89' lang='lat' dir='ltr'>nec</span> <span class='ocrx_word' id='word_1_151' title='bbox 1025 1787 1192 1828; x_wconf 88' lang='lat' dir='ltr'>somnia</span> <span class='ocrx_word' id='word_1_152' title='bbox 1222 1801 1392 1828; x_wconf 89' lang='lat' dir='ltr'>cernere</span> <span class='ocrx_word' id='word_1_153' title='bbox 1424 1801 1562 1829; x_wconf 84' lang='lat' dir='ltr'>cessas</span> 
     </span>
     <span class='ocr_line' id='line_1_25' title="bbox 451 1853 1532 1909; baseline 0.002 -15"><span class='ocrx_word' id='word_1_154' title='bbox 451 1853 763 1909; x_wconf 87' lang='lat' dir='ltr'>sollicitamque</span> <span class='ocrx_word' id='word_1_155' title='bbox 793 1854 906 1909; x_wconf 85' lang='lat' dir='ltr'>geris</span> <span class='ocrx_word' id='word_1_156' title='bbox 937 1869 1053 1895; x_wconf 87' lang='lat' dir='ltr'>cassa</span> <span class='ocrx_word' id='word_1_157' title='bbox 1084 1854 1310 1896; x_wconf 89' lang='lat' dir='ltr'>formidine</span> <span class='ocrx_word' id='word_1_158' title='bbox 1341 1860 1532 1896; x_wconf 88' lang='lat' dir='ltr'>mentem</span> 
     </span>
     <span class='ocr_line' id='line_1_26' title="bbox 449 1921 1941 1979; baseline 0 -15"><span class='ocrx_word' id='word_1_159' title='bbox 449 1937 528 1964; x_wconf 90' lang='lat' dir='ltr'>nec</span> <span class='ocrx_word' id='word_1_160' title='bbox 559 1921 744 1977; x_wconf 86' lang='lat' dir='ltr'>reperire</span> <span class='ocrx_word' id='word_1_161' title='bbox 774 1928 898 1978; x_wconf 87' lang='lat' dir='ltr'>potes</span> <span class='ocrx_word' id='word_1_162' title='bbox 930 1923 1011 1964; x_wconf 86' lang='lat' dir='ltr'>tibi</span> <span class='ocrx_word' id='word_1_163' title='bbox 1042 1923 1148 1978; x_wconf 90' lang='lat' dir='ltr'>quid</span> <span class='ocrx_word' id='word_1_164' title='bbox 1178 1923 1235 1965; x_wconf 88' lang='lat' dir='ltr'>sit</span> <span class='ocrx_word' id='word_1_165' title='bbox 1267 1938 1393 1979; x_wconf 88' lang='lat' dir='ltr'>saepe</span> <span class='ocrx_word' id='word_1_166' title='bbox 1424 1923 1540 1973; x_wconf 87' lang='lat' dir='ltr'>mali,</span> <span class='ocrx_word' id='word_1_167' title='bbox 1571 1938 1669 1965; x_wconf 91' lang='lat' dir='ltr'>cum</span> <span class='ocrx_word' id='word_1_168' title='bbox 1832 1932 1941 1976; x_wconf 87' lang='lat'>1050</span> 
     </span>
     <span class='ocr_line' id='line_1_27' title="bbox 453 1990 1499 2047; baseline 0.002 -16"><span class='ocrx_word' id='word_1_169' title='bbox 453 1990 596 2032; x_wconf 86' lang='lat' dir='ltr'>ebrius</span> <span class='ocrx_word' id='word_1_170' title='bbox 627 1990 792 2046; x_wconf 87' lang='lat' dir='ltr'>urgeris</span> <span class='ocrx_word' id='word_1_171' title='bbox 823 1991 974 2032; x_wconf 90' lang='lat' dir='ltr'>multis</span> <span class='ocrx_word' id='word_1_172' title='bbox 1004 1991 1134 2033; x_wconf 88' lang='lat' dir='ltr'>miser</span> <span class='ocrx_word' id='word_1_173' title='bbox 1165 1992 1356 2047; x_wconf 89' lang='lat' dir='ltr'>undique</span> <span class='ocrx_word' id='word_1_174' title='bbox 1387 1991 1499 2033; x_wconf 90' lang='lat' dir='ltr'>curis</span> 
     </span>
     <span class='ocr_line' id='line_1_28' title="bbox 451 2059 1537 2116; baseline 0.001 -16"><span class='ocrx_word' id='word_1_175' title='bbox 451 2065 582 2114; x_wconf 90' lang='lat' dir='ltr'>atque</span> <span class='ocrx_word' id='word_1_176' title='bbox 613 2059 747 2100; x_wconf 87' lang='lat' dir='ltr'>animi</span> <span class='ocrx_word' id='word_1_177' title='bbox 776 2059 939 2101; x_wconf 88' lang='lat' dir='ltr'>incerto</span> <span class='ocrx_word' id='word_1_178' title='bbox 970 2060 1146 2101; x_wconf 85' lang='lat' dir='ltr'>fluitans</span> <span class='ocrx_word' id='word_1_179' title='bbox 1177 2075 1315 2102; x_wconf 89' lang='lat' dir='ltr'>errore</span> <span class='ocrx_word' id='word_1_180' title='bbox 1347 2060 1537 2116; x_wconf 58' lang='lat' dir='ltr'>vagaris?</span> 
     </span>
     <span class='ocr_line' id='line_1_29' title="bbox 511 2127 1711 2184; baseline 0.001 -15"><span class='ocrx_word' id='word_1_181' title='bbox 511 2127 559 2169; x_wconf 86' lang='lat' dir='ltr'>Si</span> <span class='ocrx_word' id='word_1_182' title='bbox 588 2134 762 2183; x_wconf 89' lang='lat' dir='ltr'>possent</span> <span class='ocrx_word' id='word_1_183' title='bbox 791 2128 998 2178; x_wconf 86' lang='lat' dir='ltr'>homines,</span> <span class='ocrx_word' id='word_1_184' title='bbox 1029 2129 1206 2184; x_wconf 86' lang='lat' dir='ltr'>proinde</span> <span class='ocrx_word' id='word_1_185' title='bbox 1237 2144 1286 2170; x_wconf 92' lang='lat' dir='ltr'>ac</span> <span class='ocrx_word' id='word_1_186' title='bbox 1317 2129 1476 2171; x_wconf 87' lang='lat' dir='ltr'>sentire</span> <span class='ocrx_word' id='word_1_187' title='bbox 1507 2129 1711 2170; x_wconf 87' lang='lat' dir='ltr'>videntur</span> 
     </span>
     <span class='ocr_line' id='line_1_30' title="bbox 451 2197 1623 2255; baseline 0.003 -18"><span class='ocrx_word' id='word_1_188' title='bbox 451 2197 618 2252; x_wconf 91' lang='lat' dir='ltr'>pondus</span> <span class='ocrx_word' id='word_1_189' title='bbox 649 2197 786 2239; x_wconf 86' lang='lat' dir='ltr'>inesse</span> <span class='ocrx_word' id='word_1_190' title='bbox 816 2198 960 2239; x_wconf 89' lang='lat' dir='ltr'>animo</span> <span class='ocrx_word' id='word_1_191' title='bbox 992 2199 1105 2254; x_wconf 92' lang='lat' dir='ltr'>quod</span> <span class='ocrx_word' id='word_1_192' title='bbox 1136 2213 1181 2240; x_wconf 91' lang='lat' dir='ltr'>se</span> <span class='ocrx_word' id='word_1_193' title='bbox 1211 2199 1425 2255; x_wconf 87' lang='lat' dir='ltr'>gravitate</span> <span class='ocrx_word' id='word_1_194' title='bbox 1457 2199 1623 2255; x_wconf 88' lang='lat' dir='ltr'>fatiget,</span> 
     </span>
    </p>
   </div>
   <div class='ocr_carea' id='block_1_3' title="bbox 340 2314 1943 2359">
    <p class='ocr_par' dir='ltr' id='par_1_3' title="bbox 340 2314 1943 2359">
     <span class='ocr_line' id='line_1_31' title="bbox 340 2314 1943 2359; baseline 0.002 -13"><span class='ocrx_word' id='word_1_195' title='bbox 340 2315 431 2346; x_wconf 87' lang='lat' dir='ltr'>Nice.</span> <span class='ocrx_word' id='word_1_196' title='bbox 451 2315 525 2356; x_wconf 83' lang='lat' dir='ltr'>(not</span> <span class='ocrx_word' id='word_1_197' title='bbox 540 2314 630 2347; x_wconf 84' lang='lat' dir='ltr'>Flor.</span> <span class='ocrx_word' id='word_1_198' title='bbox 649 2315 689 2346; x_wconf 90' lang='lat'>31</span> <span class='ocrx_word' id='word_1_199' title='bbox 712 2324 750 2345; x_wconf 88' lang='lat' dir='ltr'>or</span> <span class='ocrx_word' id='word_1_200' title='bbox 767 2315 899 2357; x_wconf 88' lang='lat' dir='ltr'>Camb.)</span> <span class='ocrx_word' id='word_1_201' title='bbox 917 2316 970 2348; x_wconf 87' lang='lat' dir='ltr'>for</span> <span class='ocrx_word' id='word_1_202' title='bbox 985 2326 1082 2356; x_wconf 77' lang='lat' dir='ltr'>super</span> <span class='ocrx_word' id='word_1_203' title='bbox 1097 2318 1158 2348; x_wconf 77' lang='lat' dir='ltr'>ire.</span> <span class='ocrx_word' id='word_1_204' title='bbox 1203 2316 1308 2348; x_wconf 88' lang='lat' dir='ltr'>Lach.</span> <span class='ocrx_word' id='word_1_205' title='bbox 1326 2317 1479 2348; x_wconf 87' lang='lat' dir='ltr'>encloses</span> <span class='ocrx_word' id='word_1_206' title='bbox 1495 2317 1554 2349; x_wconf 87' lang='lat' dir='ltr'>the</span> <span class='ocrx_word' id='word_1_207' title='bbox 1569 2327 1600 2349; x_wconf 91' lang='lat' dir='ltr'>v.</span> <span class='ocrx_word' id='word_1_208' title='bbox 1618 2317 1656 2348; x_wconf 87' lang='lat' dir='ltr'>in</span> <span class='ocrx_word' id='word_1_209' title='bbox 1671 2317 1716 2358; x_wconf 90' lang='lat'>[]‚</span> <span class='ocrx_word' id='word_1_210' title='bbox 1736 2326 1775 2349; x_wconf 84' lang='lat' dir='ltr'>as</span> <span class='ocrx_word' id='word_1_211' title='bbox 1790 2318 1943 2359; x_wconf 84' lang='lat' dir='ltr'>wrongly</span> 
     </span>
    </p>
   </div>
   <div class='ocr_carea' id='block_1_4' title="bbox 335 2368 1942 2573">
    <p class='ocr_par' dir='ltr' id='par_1_4' title="bbox 338 2368 1733 2412">
     <span class='ocr_line' id='line_1_32' title="bbox 338 2368 1733 2412; baseline 0.001 -12"><span class='ocrx_word' id='word_1_212' title='bbox 338 2368 493 2400; x_wconf 84' lang='lat' dir='ltr'>retained</span> <span class='ocrx_word' id='word_1_213' title='bbox 508 2368 554 2408; x_wconf 90' lang='lat' dir='ltr'>by</span> <span class='ocrx_word' id='word_1_214' title='bbox 569 2368 627 2400; x_wconf 88' lang='lat' dir='ltr'>the</span> <span class='ocrx_word' id='word_1_215' title='bbox 645 2368 720 2400; x_wconf 84' lang='lat' dir='ltr'>first</span> <span class='ocrx_word' id='word_1_216' title='bbox 737 2369 856 2400; x_wconf 84' lang='lat' dir='ltr'>editor.</span> <span class='ocrx_word' id='word_1_217' title='bbox 991 2371 1073 2402; x_wconf 88' lang='lat'>1032</span> <span class='ocrx_word' id='word_1_218' title='bbox 1091 2372 1195 2410; x_wconf 79' lang='lat' dir='ltr'>equis.</span> <span class='ocrx_word' id='word_1_219' title='bbox 1241 2372 1339 2411; x_wconf 79' lang='lat' dir='ltr'>aquis</span> <span class='ocrx_word' id='word_1_220' title='bbox 1354 2371 1474 2402; x_wconf 89' lang='lat' dir='ltr'>Lamb.</span> <span class='ocrx_word' id='word_1_221' title='bbox 1492 2373 1554 2402; x_wconf 85' lang='lat' dir='ltr'>etc.</span> <span class='ocrx_word' id='word_1_222' title='bbox 1573 2371 1733 2412; x_wconf 84' lang='lat' dir='ltr'>wrongly.</span> 
     </span>
    </p>

    <p class='ocr_par' dir='ltr' id='par_1_5' title="bbox 335 2424 1942 2573">
     <span class='ocr_line' id='line_1_33' title="bbox 385 2424 1940 2466; baseline 0.002 -11"><span class='ocrx_word' id='word_1_223' title='bbox 385 2425 467 2456; x_wconf 85' lang='lat'>1033</span> <span class='ocrx_word' id='word_1_224' title='bbox 486 2425 583 2464; x_wconf 79' lang='lat' dir='ltr'>fudit</span> <span class='ocrx_word' id='word_1_225' title='bbox 604 2424 705 2455; x_wconf 82' lang='lat' dir='ltr'>Pont.</span> <span class='ocrx_word' id='word_1_226' title='bbox 728 2424 815 2455; x_wconf 85' lang='lat' dir='ltr'>Mar.</span> <span class='ocrx_word' id='word_1_227' title='bbox 835 2424 910 2457; x_wconf 68' lang='grc' dir='ltr'>ΑΜ.</span> <span class='ocrx_word' id='word_1_228' title='bbox 939 2425 957 2456; x_wconf 94' lang='grc'>1</span> <span class='ocrx_word' id='word_1_229' title='bbox 979 2425 1075 2457; x_wconf 77' lang='lat' dir='ltr'>Junt.</span> <span class='ocrx_word' id='word_1_230' title='bbox 1092 2426 1144 2457; x_wconf 85' lang='lat' dir='ltr'>for</span> <span class='ocrx_word' id='word_1_231' title='bbox 1158 2427 1263 2466; x_wconf 72' lang='lat' dir='ltr'>suyit.</span> <span class='ocrx_word' id='word_1_232' title='bbox 1461 2427 1545 2457; x_wconf 86' lang='lat'>1034</span> <span class='ocrx_word' id='word_1_233' title='bbox 1561 2427 1739 2466; x_wconf 78' lang='lat' dir='ltr'>Scipiadas</span> <span class='ocrx_word' id='word_1_234' title='bbox 1753 2427 1812 2457; x_wconf 91' lang='lat' dir='ltr'>AB</span> <span class='ocrx_word' id='word_1_235' title='bbox 1834 2426 1940 2458; x_wconf 84' lang='lat' dir='ltr'>Lach.</span> 
     </span>
     <span class='ocr_line' id='line_1_34' title="bbox 341 2474 1942 2521; baseline 0.001 -11"><span class='ocrx_word' id='word_1_236' title='bbox 341 2479 515 2519; x_wconf 78' lang='lat' dir='ltr'>Scipiades</span> <span class='ocrx_word' id='word_1_237' title='bbox 538 2478 628 2510; x_wconf 85' lang='lat' dir='ltr'>Nicc.</span> <span class='ocrx_word' id='word_1_238' title='bbox 656 2478 744 2518; x_wconf 83' lang='lat' dir='ltr'>vulg.</span> <span class='ocrx_word' id='word_1_239' title='bbox 950 2480 1034 2511; x_wconf 80' lang='lat'>1038</span> <span class='ocrx_word' id='word_1_240' title='bbox 1052 2482 1181 2521; x_wconf 74' lang='lat' dir='ltr'>potitus</span> <span class='ocrx_word' id='word_1_241' title='bbox 1204 2480 1296 2512; x_wconf 86' lang='lat' dir='ltr'>Flor.</span> <span class='ocrx_word' id='word_1_242' title='bbox 1320 2481 1361 2512; x_wconf 88' lang='lat'>31</span> <span class='ocrx_word' id='word_1_243' title='bbox 1386 2480 1505 2512; x_wconf 84' lang='lat' dir='ltr'>Camb.</span> <span class='ocrx_word' id='word_1_244' title='bbox 1527 2480 1622 2512; x_wconf 84' lang='lat' dir='ltr'>Brix.</span> <span class='ocrx_word' id='word_1_245' title='bbox 1645 2480 1746 2512; x_wconf 85' lang='lat' dir='ltr'>Pont.</span> <span class='ocrx_word' id='word_1_246' title='bbox 1775 2480 1859 2514; x_wconf 85' lang='lat' dir='ltr'>Mar.</span> <span class='ocrx_word' id='word_1_247' title='bbox 1889 2474 1942 2513; x_wconf 76' lang='lat' dir='ltr'>for</span> 
     </span>
     <span class='ocr_line' id='line_1_35' title="bbox 335 2532 1936 2573; baseline 0.002 -9"><span class='ocrx_word' id='word_1_248' title='bbox 335 2534 462 2573; x_wconf 78' lang='lat' dir='ltr'>pocius.</span> <span class='ocrx_word' id='word_1_249' title='bbox 628 2532 712 2564; x_wconf 76' lang='lat'>1040</span> <span class='ocrx_word' id='word_1_250' title='bbox 728 2543 889 2566; x_wconf 83' lang='lat' dir='ltr'>memores.</span> <span class='ocrx_word' id='word_1_251' title='bbox 939 2545 1108 2566; x_wconf 81' lang='lat' dir='ltr'>memorem</span> <span class='ocrx_word' id='word_1_252' title='bbox 1122 2534 1242 2567; x_wconf 83' lang='lat' dir='ltr'>Lamb.</span> <span class='ocrx_word' id='word_1_253' title='bbox 1380 2536 1463 2567; x_wconf 85' lang='lat'>1042</span> <span class='ocrx_word' id='word_1_254' title='bbox 1480 2537 1548 2567; x_wconf 78' lang='lat' dir='ltr'>obit</span> <span class='ocrx_word' id='word_1_255' title='bbox 1562 2536 1654 2567; x_wconf 88' lang='lat' dir='ltr'>Flor.</span> <span class='ocrx_word' id='word_1_256' title='bbox 1672 2536 1713 2567; x_wconf 89' lang='grc'>31</span> <span class='ocrx_word' id='word_1_257' title='bbox 1730 2536 1828 2568; x_wconf 85' lang='lat' dir='ltr'>Pont.</span> <span class='ocrx_word' id='word_1_258' title='bbox 1851 2535 1936 2570; x_wconf 83' lang='lat' dir='ltr'>Mar.</span> 
     </span>
    </p>
   </div>
   <div class='ocr_carea' id='block_1_5' title="bbox 340 2586 1943 2953">
    <p class='ocr_par' dir='ltr' id='par_1_6' title="bbox 340 2586 1943 2953">
     <span class='ocr_line' id='line_1_36' title="bbox 342 2586 1941 2631; baseline 0.003 -13"><span class='ocrx_word' id='word_1_259' title='bbox 342 2588 393 2618; x_wconf 90' lang='lat' dir='ltr'>for</span> <span class='ocrx_word' id='word_1_260' title='bbox 413 2587 505 2619; x_wconf 78' lang='lat' dir='ltr'>obiit.</span> <span class='ocrx_word' id='word_1_261' title='bbox 553 2587 598 2618; x_wconf 73' lang='lat' dir='ltr'>iit</span> <span class='ocrx_word' id='word_1_262' title='bbox 617 2586 724 2618; x_wconf 87' lang='lat' dir='ltr'>Lach.</span> <span class='ocrx_word' id='word_1_263' title='bbox 770 2589 813 2618; x_wconf 77' lang='lat' dir='ltr'>iit</span> <span class='ocrx_word' id='word_1_264' title='bbox 834 2598 898 2619; x_wconf 85' lang='lat' dir='ltr'>can</span> <span class='ocrx_word' id='word_1_265' title='bbox 920 2590 1067 2630; x_wconf 77' lang='lat' dir='ltr'>scarcely</span> <span class='ocrx_word' id='word_1_266' title='bbox 1082 2590 1122 2621; x_wconf 90' lang='lat' dir='ltr'>be</span> <span class='ocrx_word' id='word_1_267' title='bbox 1144 2590 1228 2621; x_wconf 86' lang='lat' dir='ltr'>used</span> <span class='ocrx_word' id='word_1_268' title='bbox 1248 2590 1285 2621; x_wconf 89' lang='lat' dir='ltr'>in</span> <span class='ocrx_word' id='word_1_269' title='bbox 1305 2590 1376 2622; x_wconf 86' lang='lat' dir='ltr'>this</span> <span class='ocrx_word' id='word_1_270' title='bbox 1398 2590 1607 2630; x_wconf 85' lang='lat' dir='ltr'>unqualified</span> <span class='ocrx_word' id='word_1_271' title='bbox 1626 2600 1702 2631; x_wconf 82' lang='lat' dir='ltr'>way</span> <span class='ocrx_word' id='word_1_272' title='bbox 1719 2591 1772 2621; x_wconf 86' lang='lat' dir='ltr'>for</span> <span class='ocrx_word' id='word_1_273' title='bbox 1795 2594 1941 2622; x_wconf 82' lang='lat' dir='ltr'>mortuus</span> 
     </span>
     <span class='ocr_line' id='line_1_37' title="bbox 340 2640 1941 2684; baseline 0.002 -11"><span class='ocrx_word' id='word_1_274' title='bbox 340 2648 389 2674; x_wconf 74' lang='lat' dir='ltr'>est</span> <span class='ocrx_word' id='word_1_275' title='bbox 403 2655 413 2682; x_wconf 88' lang='lat'>;</span> <span class='ocrx_word' id='word_1_276' title='bbox 435 2651 498 2672; x_wconf 88' lang='lat' dir='ltr'>nor</span> <span class='ocrx_word' id='word_1_277' title='bbox 512 2641 542 2672; x_wconf 83' lang='lat' dir='ltr'>is</span> <span class='ocrx_word' id='word_1_278' title='bbox 558 2640 616 2672; x_wconf 83' lang='lat' dir='ltr'>the</span> <span class='ocrx_word' id='word_1_279' title='bbox 631 2640 788 2672; x_wconf 83' lang='lat' dir='ltr'>evidence</span> <span class='ocrx_word' id='word_1_280' title='bbox 804 2641 956 2673; x_wconf 87' lang='lat' dir='ltr'>adduced</span> <span class='ocrx_word' id='word_1_281' title='bbox 972 2642 1016 2683; x_wconf 83' lang='lat' dir='ltr'>by</span> <span class='ocrx_word' id='word_1_282' title='bbox 1031 2643 1136 2674; x_wconf 84' lang='lat' dir='ltr'>Lach.</span> <span class='ocrx_word' id='word_1_283' title='bbox 1156 2642 1193 2674; x_wconf 91' lang='lat' dir='ltr'>in</span> <span class='ocrx_word' id='word_1_284' title='bbox 1209 2643 1264 2674; x_wconf 89' lang='lat' dir='ltr'>his</span> <span class='ocrx_word' id='word_1_285' title='bbox 1279 2643 1360 2684; x_wconf 84' lang='lat' dir='ltr'>long</span> <span class='ocrx_word' id='word_1_286' title='bbox 1376 2644 1447 2676; x_wconf 88' lang='lat' dir='ltr'>and</span> <span class='ocrx_word' id='word_1_287' title='bbox 1461 2646 1553 2675; x_wconf 87' lang='lat' dir='ltr'>most</span> <span class='ocrx_word' id='word_1_288' title='bbox 1568 2643 1706 2675; x_wconf 86' lang='lat' dir='ltr'>learned</span> <span class='ocrx_word' id='word_1_289' title='bbox 1721 2645 1802 2675; x_wconf 79' lang='lat' dir='ltr'>note</span> <span class='ocrx_word' id='word_1_290' title='bbox 1819 2643 1941 2676; x_wconf 86' lang='lat' dir='ltr'>suffici-</span> 
     </span>
     <span class='ocr_line' id='line_1_38' title="bbox 341 2694 1942 2730; baseline 0.001 -2"><span class='ocrx_word' id='word_1_291' title='bbox 341 2699 400 2728; x_wconf 84' lang='lat' dir='ltr'>ent</span> <span class='ocrx_word' id='word_1_292' title='bbox 416 2699 451 2727; x_wconf 87' lang='lat' dir='ltr'>to</span> <span class='ocrx_word' id='word_1_293' title='bbox 470 2695 560 2726; x_wconf 87' lang='lat' dir='ltr'>shew</span> <span class='ocrx_word' id='word_1_294' title='bbox 575 2694 653 2726; x_wconf 84' lang='lat' dir='ltr'>that</span> <span class='ocrx_word' id='word_1_295' title='bbox 670 2695 770 2726; x_wconf 89' lang='lat' dir='ltr'>Lucr.</span> <span class='ocrx_word' id='word_1_296' title='bbox 793 2695 893 2727; x_wconf 85' lang='lat' dir='ltr'>could</span> <span class='ocrx_word' id='word_1_297' title='bbox 913 2698 975 2728; x_wconf 86' lang='lat' dir='ltr'>not</span> <span class='ocrx_word' id='word_1_298' title='bbox 995 2696 1082 2728; x_wconf 88' lang='lat' dir='ltr'>have</span> <span class='ocrx_word' id='word_1_299' title='bbox 1103 2697 1187 2729; x_wconf 86' lang='lat' dir='ltr'>used</span> <span class='ocrx_word' id='word_1_300' title='bbox 1207 2697 1265 2729; x_wconf 83' lang='lat' dir='ltr'>the</span> <span class='ocrx_word' id='word_1_301' title='bbox 1286 2697 1375 2729; x_wconf 89' lang='lat' dir='ltr'>form</span> <span class='ocrx_word' id='word_1_302' title='bbox 1395 2698 1462 2729; x_wconf 83' lang='lat' dir='ltr'>obit</span> <span class='ocrx_word' id='word_1_303' title='bbox 1477 2697 1591 2729; x_wconf 82' lang='lat' dir='ltr'>before</span> <span class='ocrx_word' id='word_1_304' title='bbox 1607 2707 1627 2729; x_wconf 84' lang='lat' dir='ltr'>a</span> <span class='ocrx_word' id='word_1_305' title='bbox 1643 2698 1856 2730; x_wconf 83' lang='lat' dir='ltr'>consonant:</span> <span class='ocrx_word' id='word_1_306' title='bbox 1880 2697 1942 2730; x_wconf 84' lang='lat' dir='ltr'>but</span> 
     </span>
     <span class='ocr_line' id='line_1_39' title="bbox 343 2749 1942 2792; baseline 0.002 -11"><span class='ocrx_word' id='word_1_307' title='bbox 343 2760 397 2781; x_wconf 84' lang='lat' dir='ltr'>see</span> <span class='ocrx_word' id='word_1_308' title='bbox 412 2752 510 2781; x_wconf 84' lang='lat' dir='ltr'>notes</span> <span class='ocrx_word' id='word_1_309' title='bbox 525 2750 556 2780; x_wconf 83' lang='lat'>2.</span> <span class='ocrx_word' id='word_1_310' title='bbox 733 2749 816 2780; x_wconf 75' lang='lat'>1044</span> <span class='ocrx_word' id='word_1_311' title='bbox 839 2752 1008 2782; x_wconf 79' lang='lat' dir='ltr'>aetherius</span> <span class='ocrx_word' id='word_1_312' title='bbox 1023 2751 1227 2783; x_wconf 80' lang='lat' dir='ltr'>Lactantius</span> <span class='ocrx_word' id='word_1_313' title='bbox 1243 2752 1338 2783; x_wconf 83' lang='lat' dir='ltr'>Junt.</span> <span class='ocrx_word' id='word_1_314' title='bbox 1385 2753 1497 2784; x_wconf 82' lang='lat' dir='ltr'>aerius</span> <span class='ocrx_word' id='word_1_315' title='bbox 1513 2761 1594 2783; x_wconf 86' lang='lat' dir='ltr'>mss.</span> <span class='ocrx_word' id='word_1_316' title='bbox 1754 2752 1838 2784; x_wconf 89' lang='grc'>1050</span> <span class='ocrx_word' id='word_1_317' title='bbox 1848 2757 1942 2792; x_wconf 76' lang='lat' dir='ltr'>potes</span> 
     </span>
     <span class='ocr_line' id='line_1_40' title="bbox 344 2802 1942 2846; baseline 0.001 -10"><span class='ocrx_word' id='word_1_318' title='bbox 344 2806 406 2836; x_wconf 79' lang='lat' dir='ltr'>tibi</span> <span class='ocrx_word' id='word_1_319' title='bbox 423 2804 504 2844; x_wconf 81' lang='lat' dir='ltr'>quid</span> <span class='ocrx_word' id='word_1_320' title='bbox 518 2804 564 2834; x_wconf 83' lang='lat' dir='ltr'>sit</span> <span class='ocrx_word' id='word_1_321' title='bbox 578 2802 684 2834; x_wconf 81' lang='lat' dir='ltr'>Laeh.</span> <span class='ocrx_word' id='word_1_322' title='bbox 701 2803 754 2833; x_wconf 82' lang='lat' dir='ltr'>for</span> <span class='ocrx_word' id='word_1_323' title='bbox 763 2808 872 2843; x_wconf 76' lang='lat' dir='ltr'>potest</span> <span class='ocrx_word' id='word_1_324' title='bbox 888 2805 936 2835; x_wconf 79' lang='lat' dir='ltr'>ibi</span> <span class='ocrx_word' id='word_1_325' title='bbox 953 2806 1040 2845; x_wconf 80' lang='lat' dir='ltr'>quod</span> <span class='ocrx_word' id='word_1_326' title='bbox 1055 2807 1110 2837; x_wconf 79' lang='lat' dir='ltr'>sit.</span> <span class='ocrx_word' id='word_1_327' title='bbox 1147 2811 1241 2845; x_wconf 74' lang='lat' dir='ltr'>potes</span> <span class='ocrx_word' id='word_1_328' title='bbox 1259 2807 1321 2837; x_wconf 77' lang='lat' dir='ltr'>tibi</span> <span class='ocrx_word' id='word_1_329' title='bbox 1337 2807 1425 2846; x_wconf 80' lang='lat' dir='ltr'>quod</span> <span class='ocrx_word' id='word_1_330' title='bbox 1441 2808 1485 2837; x_wconf 75' lang='lat' dir='ltr'>sit</span> <span class='ocrx_word' id='word_1_331' title='bbox 1501 2806 1586 2837; x_wconf 86' lang='lat' dir='ltr'>Mar.</span> <span class='ocrx_word' id='word_1_332' title='bbox 1620 2810 1713 2846; x_wconf 79' lang='lat' dir='ltr'>potes</span> <span class='ocrx_word' id='word_1_333' title='bbox 1729 2805 1818 2845; x_wconf 81' lang='lat' dir='ltr'>quod</span> <span class='ocrx_word' id='word_1_334' title='bbox 1831 2808 1878 2837; x_wconf 78' lang='lat' dir='ltr'>sit</span> <span class='ocrx_word' id='word_1_335' title='bbox 1892 2807 1942 2838; x_wconf 84' lang='lat' dir='ltr'>ibi</span> 
     </span>
     <span class='ocr_line' id='line_1_41' title="bbox 344 2856 1942 2899; baseline 0.003 -12"><span class='ocrx_word' id='word_1_336' title='bbox 344 2857 434 2888; x_wconf 85' lang='lat' dir='ltr'>Nicc.</span> <span class='ocrx_word' id='word_1_337' title='bbox 453 2868 459 2887; x_wconf 92' lang='lat'>:</span> <span class='ocrx_word' id='word_1_338' title='bbox 483 2856 589 2887; x_wconf 81' lang='lat' dir='ltr'>hence</span> <span class='ocrx_word' id='word_1_339' title='bbox 604 2861 697 2897; x_wconf 77' lang='lat' dir='ltr'>potes</span> <span class='ocrx_word' id='word_1_340' title='bbox 715 2857 797 2896; x_wconf 80' lang='lat' dir='ltr'>quid</span> <span class='ocrx_word' id='word_1_341' title='bbox 811 2858 857 2888; x_wconf 72' lang='lat' dir='ltr'>sit</span> <span class='ocrx_word' id='word_1_342' title='bbox 880 2859 942 2888; x_wconf 80' lang='lat' dir='ltr'>tibi</span> <span class='ocrx_word' id='word_1_343' title='bbox 958 2858 1049 2890; x_wconf 84' lang='lat' dir='ltr'>Flor.</span> <span class='ocrx_word' id='word_1_344' title='bbox 1066 2858 1107 2889; x_wconf 85' lang='lat'>31</span> <span class='ocrx_word' id='word_1_345' title='bbox 1125 2858 1242 2892; x_wconf 86' lang='lat' dir='ltr'>Camb.</span> <span class='ocrx_word' id='word_1_346' title='bbox 1261 2858 1354 2891; x_wconf 82' lang='lat' dir='ltr'>Brix.</span> <span class='ocrx_word' id='word_1_347' title='bbox 1375 2859 1448 2891; x_wconf 89' lang='lat' dir='ltr'>Ver.</span> <span class='ocrx_word' id='word_1_348' title='bbox 1471 2859 1556 2890; x_wconf 90' lang='lat' dir='ltr'>Ven.</span> <span class='ocrx_word' id='word_1_349' title='bbox 1573 2859 1701 2890; x_wconf 85' lang='lat' dir='ltr'>Avanc.</span> <span class='ocrx_word' id='word_1_350' title='bbox 1717 2859 1807 2898; x_wconf 87' lang='lat' dir='ltr'>vulg.</span> <span class='ocrx_word' id='word_1_351' title='bbox 1850 2864 1942 2899; x_wconf 76' lang='lat' dir='ltr'>potes</span> 
     </span>
     <span class='ocr_line' id='line_1_42' title="bbox 344 2910 1943 2953; baseline 0.003 -11"><span class='ocrx_word' id='word_1_352' title='bbox 344 2912 430 2950; x_wconf 81' lang='lat' dir='ltr'>quod</span> <span class='ocrx_word' id='word_1_353' title='bbox 455 2911 502 2942; x_wconf 82' lang='lat' dir='ltr'>sit</span> <span class='ocrx_word' id='word_1_354' title='bbox 528 2911 591 2942; x_wconf 74' lang='lat' dir='ltr'>tibi</span> <span class='ocrx_word' id='word_1_355' title='bbox 616 2910 713 2941; x_wconf 79' lang='lat' dir='ltr'>Junt.</span> <span class='ocrx_word' id='word_1_356' title='bbox 742 2910 819 2942; x_wconf 73' lang='lat' dir='ltr'>Aid.</span> <span class='ocrx_word' id='word_1_357' title='bbox 845 2912 864 2942; x_wconf 89' lang='lat'><strong>2</strong></span> <span class='ocrx_word' id='word_1_358' title='bbox 890 2912 1052 2953; x_wconf 81' lang='lat' dir='ltr'>Wrongly.</span> <span class='ocrx_word' id='word_1_359' title='bbox 1227 2913 1311 2945; x_wconf 80' lang='lat'>1052</span> <span class='ocrx_word' id='word_1_360' title='bbox 1338 2914 1443 2945; x_wconf 81' lang='lat' dir='ltr'>animi</span> <span class='ocrx_word' id='word_1_361' title='bbox 1471 2915 1596 2945; x_wconf 80' lang='lat' dir='ltr'>incerto</span> <span class='ocrx_word' id='word_1_362' title='bbox 1617 2912 1736 2944; x_wconf 83' lang='lat' dir='ltr'>Lamb.</span> <span class='ocrx_word' id='word_1_363' title='bbox 1761 2913 1813 2945; x_wconf 81' lang='lat' dir='ltr'>for</span> <span class='ocrx_word' id='word_1_364' title='bbox 1835 2915 1943 2946; x_wconf 69' lang='lat' dir='ltr'>animo</span> 
     </span>
    </p>
   </div>
  </div>
 </body>
</html>
