<?xml version="1.0" encoding="UTF-8"?>
<!DOCTYPE html PUBLIC "-//W3C//DTD XHTML 1.0 Transitional//EN"
    "http://www.w3.org/TR/xhtml1/DTD/xhtml1-transitional.dtd">
<html xmlns="http://www.w3.org/1999/xhtml" xml:lang="en" lang="en">
 <head>
  <title>
</title>
<meta http-equiv="Content-Type" content="text/html;charset=utf-8" />
  <meta name='ocr-system' content='tesseract 3.04.00' />
  <meta name='ocr-capabilities' content='ocr_page ocr_carea ocr_par ocr_line ocrx_word'/>
</head>
<body>
  <div class='ocr_page' id='page_1' title='image "./lucreticariderer01lucruoft_0143.png"; bbox 0 0 1997 3267; ppageno 0'>
   <div class='ocr_carea' id='block_1_1' title="bbox 938 167 1797 226">
    <p class='ocr_par' dir='ltr' id='par_1_1' title="bbox 938 167 1797 226">
     <span class='ocr_line' id='line_1_1' title="bbox 938 167 1797 226; baseline 0.005 -18"><span class='ocrx_word' id='word_1_1' title='bbox 938 167 1011 208; x_wconf 92' lang='lat'><strong>111</strong></span> <span class='ocrx_word' id='word_1_2' title='bbox 1716 182 1797 226; x_wconf 88' lang='lat'><strong>127</strong></span> 
     </span>
    </p>
   </div>
   <div class='ocr_carea' id='block_1_2' title="bbox 290 273 1797 2269">
    <p class='ocr_par' dir='ltr' id='par_1_2' title="bbox 290 273 1797 2269">
     <span class='ocr_line' id='line_1_2' title="bbox 297 273 1797 332; baseline 0.003 -17"><span class='ocrx_word' id='word_1_3' title='bbox 297 273 335 316; x_wconf 89' lang='lat' dir='ltr'><strong>si</strong></span> <span class='ocrx_word' id='word_1_4' title='bbox 366 274 510 316; x_wconf 89' lang='lat' dir='ltr'><strong>minus</strong></span> <span class='ocrx_word' id='word_1_5' title='bbox 541 274 723 316; x_wconf 85' lang='lat' dir='ltr'><strong>offendit</strong></span> <span class='ocrx_word' id='word_1_6' title='bbox 755 274 890 316; x_wconf 90' lang='lat' dir='ltr'><strong>vitam</strong></span> <span class='ocrx_word' id='word_1_7' title='bbox 923 275 987 316; x_wconf 90' lang='lat' dir='ltr'><strong>vis</strong></span> <span class='ocrx_word' id='word_1_8' title='bbox 1018 275 1190 317; x_wconf 88' lang='lat' dir='ltr'><strong>horrida</strong></span> <span class='ocrx_word' id='word_1_9' title='bbox 1220 275 1298 317; x_wconf 88' lang='lat' dir='ltr'><strong>teli</strong></span> <span class='ocrx_word' id='word_1_10' title='bbox 1715 288 1797 332; x_wconf 89' lang='lat'><strong>170</strong></span> 
     </span>
     <span class='ocr_line' id='line_1_3' title="bbox 297 343 1287 393; baseline 0.001 -8"><span class='ocrx_word' id='word_1_11' title='bbox 297 343 465 385; x_wconf 89' lang='lat' dir='ltr'><strong>ossibus</strong></span> <span class='ocrx_word' id='word_1_12' title='bbox 495 358 544 385; x_wconf 89' lang='lat' dir='ltr'><strong>ac</strong></span> <span class='ocrx_word' id='word_1_13' title='bbox 573 344 717 385; x_wconf 89' lang='lat' dir='ltr'><strong>nervis</strong></span> <span class='ocrx_word' id='word_1_14' title='bbox 747 343 944 385; x_wconf 85' lang='lat' dir='ltr'><strong>disclusis</strong></span> <span class='ocrx_word' id='word_1_15' title='bbox 975 344 1094 386; x_wconf 89' lang='lat' dir='ltr'><strong>intus</strong></span> <span class='ocrx_word' id='word_1_16' title='bbox 1123 344 1287 393; x_wconf 84' lang='lat' dir='ltr'><strong>adacta,</strong></span> 
     </span>
     <span class='ocr_line' id='line_1_4' title="bbox 297 412 1466 469; baseline 0.001 -15"><span class='ocrx_word' id='word_1_17' title='bbox 297 417 344 454; x_wconf 87' lang='lat' dir='ltr'><strong>at</strong></span> <span class='ocrx_word' id='word_1_18' title='bbox 376 418 524 454; x_wconf 89' lang='lat' dir='ltr'><strong>tamen</strong></span> <span class='ocrx_word' id='word_1_19' title='bbox 554 412 800 467; x_wconf 76' lang='lat' dir='ltr'><strong>insequitur</strong></span> <span class='ocrx_word' id='word_1_20' title='bbox 830 412 1011 468; x_wconf 83' lang='lat' dir='ltr'><strong>languor</strong></span> <span class='ocrx_word' id='word_1_21' title='bbox 1043 418 1268 468; x_wconf 77' lang='lat' dir='ltr'><strong>terraeque</strong></span> <span class='ocrx_word' id='word_1_22' title='bbox 1299 413 1466 469; x_wconf 90' lang='lat' dir='ltr'><strong>petitus</strong></span> 
     </span>
     <span class='ocr_line' id='line_1_5' title="bbox 297 481 1463 538; baseline 0.002 -16"><span class='ocrx_word' id='word_1_23' title='bbox 297 481 451 537; x_wconf 85' lang='lat' dir='ltr'><strong>segnis,</strong></span> <span class='ocrx_word' id='word_1_24' title='bbox 484 485 528 523; x_wconf 92' lang='lat' dir='ltr'><strong>et</strong></span> <span class='ocrx_word' id='word_1_25' title='bbox 558 481 604 522; x_wconf 92' lang='lat' dir='ltr'><strong>in</strong></span> <span class='ocrx_word' id='word_1_26' title='bbox 635 486 750 522; x_wconf 87' lang='lat' dir='ltr'><strong>terra</strong></span> <span class='ocrx_word' id='word_1_27' title='bbox 781 481 940 522; x_wconf 88' lang='lat' dir='ltr'><strong>mentis</strong></span> <span class='ocrx_word' id='word_1_28' title='bbox 970 481 1045 536; x_wconf 93' lang='lat' dir='ltr'><strong>qui</strong></span> <span class='ocrx_word' id='word_1_29' title='bbox 1075 481 1273 538; x_wconf 83' lang='lat' dir='ltr'><strong>gignitur</strong></span> <span class='ocrx_word' id='word_1_30' title='bbox 1303 488 1463 532; x_wconf 89' lang='lat' dir='ltr'><strong>aestus,</strong></span> 
     </span>
     <span class='ocr_line' id='line_1_6' title="bbox 295 549 1463 606; baseline 0.002 -15"><span class='ocrx_word' id='word_1_31' title='bbox 295 549 602 605; x_wconf 72' lang='lat' dir='ltr'><strong>interdumque</strong></span> <span class='ocrx_word' id='word_1_32' title='bbox 634 549 756 605; x_wconf 82' lang='lat' dir='ltr'><strong>quasi</strong></span> <span class='ocrx_word' id='word_1_33' title='bbox 787 550 1026 606; x_wconf 84' lang='lat' dir='ltr'><strong>exurgendi</strong></span> <span class='ocrx_word' id='word_1_34' title='bbox 1057 550 1224 592; x_wconf 88' lang='lat' dir='ltr'><strong>incerta</strong></span> <span class='ocrx_word' id='word_1_35' title='bbox 1254 551 1463 594; x_wconf 89' lang='lat' dir='ltr'><strong>voluntas.</strong></span> 
     </span>
     <span class='ocr_line' id='line_1_7' title="bbox 295 619 1791 676; baseline 0.003 -17"><span class='ocrx_word' id='word_1_36' title='bbox 295 633 396 674; x_wconf 86' lang='lat' dir='ltr'><strong>ergo</strong></span> <span class='ocrx_word' id='word_1_37' title='bbox 427 633 668 674; x_wconf 84' lang='lat' dir='ltr'><strong>corpoream</strong></span> <span class='ocrx_word' id='word_1_38' title='bbox 700 624 901 660; x_wconf 87' lang='lat' dir='ltr'><strong>naturam</strong></span> <span class='ocrx_word' id='word_1_39' title='bbox 932 619 1067 660; x_wconf 89' lang='lat' dir='ltr'><strong>animi</strong></span> <span class='ocrx_word' id='word_1_40' title='bbox 1098 634 1188 661; x_wconf 89' lang='lat' dir='ltr'><strong>esse</strong></span> <span class='ocrx_word' id='word_1_41' title='bbox 1219 627 1443 670; x_wconf 83' lang='lat' dir='ltr'><strong>necessest,</strong></span> <span class='ocrx_word' id='word_1_42' title='bbox 1713 632 1791 676; x_wconf 87' lang='lat'><strong>175</strong></span> 
     </span>
     <span class='ocr_line' id='line_1_8' title="bbox 296 687 1287 744; baseline 0 -14"><span class='ocrx_word' id='word_1_43' title='bbox 296 687 506 744; x_wconf 88' lang='lat' dir='ltr'><strong>corporeis</strong></span> <span class='ocrx_word' id='word_1_44' title='bbox 538 687 741 743; x_wconf 89' lang='lat' dir='ltr'><strong>quoniam</strong></span> <span class='ocrx_word' id='word_1_45' title='bbox 774 687 872 728; x_wconf 91' lang='lat' dir='ltr'><strong>telis</strong></span> <span class='ocrx_word' id='word_1_46' title='bbox 903 687 1080 743; x_wconf 89' lang='lat' dir='ltr'><strong>ictuque</strong></span> <span class='ocrx_word' id='word_1_47' title='bbox 1112 688 1287 731; x_wconf 90' lang='lat' dir='ltr'><strong>laborat.</strong></span> 
     </span>
     <span class='ocr_line' id='line_1_9' title="bbox 356 757 1522 813; baseline 0.002 -14"><span class='ocrx_word' id='word_1_48' title='bbox 356 757 400 799; x_wconf 88' lang='lat' dir='ltr'><strong>Is</strong></span> <span class='ocrx_word' id='word_1_49' title='bbox 431 758 513 800; x_wconf 89' lang='lat' dir='ltr'><strong>tibi</strong></span> <span class='ocrx_word' id='word_1_50' title='bbox 543 772 658 799; x_wconf 89' lang='lat' dir='ltr'><strong>nunc</strong></span> <span class='ocrx_word' id='word_1_51' title='bbox 687 757 859 799; x_wconf 90' lang='lat' dir='ltr'><strong>animus</strong></span> <span class='ocrx_word' id='word_1_52' title='bbox 890 758 1007 813; x_wconf 88' lang='lat' dir='ltr'><strong>quali</strong></span> <span class='ocrx_word' id='word_1_53' title='bbox 1039 758 1097 799; x_wconf 89' lang='lat' dir='ltr'><strong>sit</strong></span> <span class='ocrx_word' id='word_1_54' title='bbox 1127 773 1299 813; x_wconf 89' lang='lat' dir='ltr'><strong>corpore</strong></span> <span class='ocrx_word' id='word_1_55' title='bbox 1332 764 1376 800; x_wconf 90' lang='lat' dir='ltr'><strong>et</strong></span> <span class='ocrx_word' id='word_1_56' title='bbox 1407 759 1522 802; x_wconf 89' lang='lat' dir='ltr'><strong>unde</strong></span> 
     </span>
     <span class='ocr_line' id='line_1_10' title="bbox 296 826 1373 883; baseline 0.001 -15"><span class='ocrx_word' id='word_1_57' title='bbox 296 826 543 868; x_wconf 88' lang='lat' dir='ltr'><strong>constiterit</strong></span> <span class='ocrx_word' id='word_1_58' title='bbox 573 841 750 883; x_wconf 85' lang='lat' dir='ltr'><strong>pergam</strong></span> <span class='ocrx_word' id='word_1_59' title='bbox 782 826 993 868; x_wconf 88' lang='lat' dir='ltr'><strong>rationem</strong></span> <span class='ocrx_word' id='word_1_60' title='bbox 1024 827 1202 869; x_wconf 83' lang='lat' dir='ltr'><strong>reddere</strong></span> <span class='ocrx_word' id='word_1_61' title='bbox 1235 827 1373 870; x_wconf 87' lang='lat' dir='ltr'><strong>dictis.</strong></span> 
     </span>
     <span class='ocr_line' id='line_1_11' title="bbox 295 895 1415 952; baseline 0.002 -16"><span class='ocrx_word' id='word_1_62' title='bbox 295 895 505 952; x_wconf 90' lang='lat' dir='ltr'><strong>principio</strong></span> <span class='ocrx_word' id='word_1_63' title='bbox 536 910 626 938; x_wconf 89' lang='lat' dir='ltr'><strong>esse</strong></span> <span class='ocrx_word' id='word_1_64' title='bbox 657 896 724 937; x_wconf 87' lang='lat' dir='ltr'><strong>aio</strong></span> <span class='ocrx_word' id='word_1_65' title='bbox 756 896 1038 952; x_wconf 84' lang='lat' dir='ltr'><strong>persuptilem</strong></span> <span class='ocrx_word' id='word_1_66' title='bbox 1070 902 1202 952; x_wconf 83' lang='lat' dir='ltr'><strong>atque</strong></span> <span class='ocrx_word' id='word_1_67' title='bbox 1234 897 1415 938; x_wconf 88' lang='lat' dir='ltr'><strong>minutis</strong></span> 
     </span>
     <span class='ocr_line' id='line_1_12' title="bbox 295 965 1794 1021; baseline 0.003 -15"><span class='ocrx_word' id='word_1_68' title='bbox 295 980 503 1021; x_wconf 88' lang='lat' dir='ltr'><strong>perquam</strong></span> <span class='ocrx_word' id='word_1_69' title='bbox 535 965 781 1021; x_wconf 85' lang='lat' dir='ltr'><strong>corporibus</strong></span> <span class='ocrx_word' id='word_1_70' title='bbox 813 965 974 1006; x_wconf 89' lang='lat' dir='ltr'><strong>factum</strong></span> <span class='ocrx_word' id='word_1_71' title='bbox 1006 971 1212 1008; x_wconf 78' lang='lat' dir='ltr'><strong>constare.</strong></span> <span class='ocrx_word' id='word_1_72' title='bbox 1272 965 1317 1007; x_wconf 88' lang='lat' dir='ltr'><strong>id</strong></span> <span class='ocrx_word' id='word_1_73' title='bbox 1347 966 1411 1008; x_wconf 87' lang='lat' dir='ltr'><strong>ita</strong></span> <span class='ocrx_word' id='word_1_74' title='bbox 1441 981 1533 1008; x_wconf 91' lang='lat' dir='ltr'><strong>esse</strong></span> <span class='ocrx_word' id='word_1_75' title='bbox 1713 969 1794 1011; x_wconf 89' lang='lat'><strong>180</strong></span> 
     </span>
     <span class='ocr_line' id='line_1_13' title="bbox 295 1035 1535 1091; baseline 0.002 -15"><span class='ocrx_word' id='word_1_76' title='bbox 295 1035 394 1076; x_wconf 91' lang='lat' dir='ltr'><strong>hinc</strong></span> <span class='ocrx_word' id='word_1_77' title='bbox 426 1035 527 1076; x_wconf 89' lang='lat' dir='ltr'><strong>licet</strong></span> <span class='ocrx_word' id='word_1_78' title='bbox 557 1035 758 1076; x_wconf 84' lang='lat' dir='ltr'><strong>advertas</strong></span> <span class='ocrx_word' id='word_1_79' title='bbox 788 1035 982 1076; x_wconf 89' lang='lat' dir='ltr'><strong>animum</strong></span> <span class='ocrx_word' id='word_1_80' title='bbox 1015 1040 1065 1076; x_wconf 91' lang='lat' dir='ltr'><strong>ut</strong></span> <span class='ocrx_word' id='word_1_81' title='bbox 1096 1050 1345 1090; x_wconf 88' lang='lat' dir='ltr'><strong>pernoscere</strong></span> <span class='ocrx_word' id='word_1_82' title='bbox 1377 1036 1535 1091; x_wconf 89' lang='lat' dir='ltr'><strong>possis:</strong></span> 
     </span>
     <span class='ocr_line' id='line_1_14' title="bbox 293 1104 1184 1154; baseline -0.001 -8"><span class='ocrx_word' id='word_1_83' title='bbox 293 1105 355 1146; x_wconf 90' lang='lat' dir='ltr'><strong>nil</strong></span> <span class='ocrx_word' id='word_1_84' title='bbox 386 1104 491 1146; x_wconf 89' lang='lat' dir='ltr'><strong>adeo</strong></span> <span class='ocrx_word' id='word_1_85' title='bbox 522 1104 615 1146; x_wconf 80' lang='lat' dir='ltr'><strong>fieri</strong></span> <span class='ocrx_word' id='word_1_86' title='bbox 646 1104 773 1146; x_wconf 92' lang='lat' dir='ltr'><strong>celeri</strong></span> <span class='ocrx_word' id='word_1_87' title='bbox 803 1105 968 1146; x_wconf 89' lang='lat' dir='ltr'><strong>ratione</strong></span> <span class='ocrx_word' id='word_1_88' title='bbox 1002 1104 1184 1154; x_wconf 82' lang='lat' dir='ltr'><strong>videtur,</strong></span> 
     </span>
     <span class='ocr_line' id='line_1_15' title="bbox 293 1172 1468 1230; baseline 0 -15"><span class='ocrx_word' id='word_1_89' title='bbox 293 1188 423 1230; x_wconf 89' lang='lat' dir='ltr'><strong>quam</strong></span> <span class='ocrx_word' id='word_1_90' title='bbox 454 1173 532 1215; x_wconf 67' lang='lat' dir='ltr'><strong>sibc&#39;</strong></span> <span class='ocrx_word' id='word_1_91' title='bbox 563 1187 683 1215; x_wconf 90' lang='lat' dir='ltr'><strong>mens</strong></span> <span class='ocrx_word' id='word_1_92' title='bbox 714 1173 807 1215; x_wconf 92' lang='lat' dir='ltr'><strong>fieri</strong></span> <span class='ocrx_word' id='word_1_93' title='bbox 838 1172 1038 1228; x_wconf 89' lang='lat' dir='ltr'><strong>proponit</strong></span> <span class='ocrx_word' id='word_1_94' title='bbox 1069 1179 1113 1214; x_wconf 89' lang='lat' dir='ltr'><strong>et</strong></span> <span class='ocrx_word' id='word_1_95' title='bbox 1145 1173 1320 1215; x_wconf 85' lang='lat' dir='ltr'><strong>inchoat</strong></span> <span class='ocrx_word' id='word_1_96' title='bbox 1351 1174 1468 1229; x_wconf 85' lang='lat' dir='ltr'><strong>ipsa;</strong></span> 
     </span>
     <span class='ocr_line' id='line_1_16' title="bbox 293 1241 1404 1298; baseline -0.001 -14"><span class='ocrx_word' id='word_1_97' title='bbox 293 1242 410 1284; x_wconf 89' lang='lat' dir='ltr'><strong>ocius</strong></span> <span class='ocrx_word' id='word_1_98' title='bbox 441 1256 541 1298; x_wconf 88' lang='lat' dir='ltr'><strong>ergo</strong></span> <span class='ocrx_word' id='word_1_99' title='bbox 572 1241 744 1283; x_wconf 88' lang='lat' dir='ltr'><strong>animus</strong></span> <span class='ocrx_word' id='word_1_100' title='bbox 774 1257 904 1297; x_wconf 88' lang='lat' dir='ltr'><strong>quam</strong></span> <span class='ocrx_word' id='word_1_101' title='bbox 936 1256 1003 1283; x_wconf 87' lang='lat' dir='ltr'><strong>res</strong></span> <span class='ocrx_word' id='word_1_102' title='bbox 1033 1256 1077 1283; x_wconf 92' lang='lat' dir='ltr'><strong>se</strong></span> <span class='ocrx_word' id='word_1_103' title='bbox 1110 1241 1273 1297; x_wconf 87' lang='lat' dir='ltr'><strong>perciet</strong></span> <span class='ocrx_word' id='word_1_104' title='bbox 1306 1242 1404 1292; x_wconf 89' lang='lat' dir='ltr'><strong>ulla,</strong></span> 
     </span>
     <span class='ocr_line' id='line_1_17' title="bbox 295 1311 1790 1367; baseline 0.001 -14"><span class='ocrx_word' id='word_1_105' title='bbox 295 1317 398 1353; x_wconf 90' lang='lat' dir='ltr'><strong>ante</strong></span> <span class='ocrx_word' id='word_1_106' title='bbox 430 1311 573 1353; x_wconf 92' lang='lat' dir='ltr'><strong>oculos</strong></span> <span class='ocrx_word' id='word_1_107' title='bbox 604 1326 787 1366; x_wconf 90' lang='lat' dir='ltr'><strong>quorum</strong></span> <span class='ocrx_word' id='word_1_108' title='bbox 820 1311 865 1352; x_wconf 89' lang='lat' dir='ltr'><strong>in</strong></span> <span class='ocrx_word' id='word_1_109' title='bbox 895 1317 1096 1367; x_wconf 89' lang='lat' dir='ltr'><strong>promptu</strong></span> <span class='ocrx_word' id='word_1_110' title='bbox 1130 1317 1287 1353; x_wconf 88' lang='lat' dir='ltr'><strong>natura</strong></span> <span class='ocrx_word' id='word_1_111' title='bbox 1319 1311 1501 1354; x_wconf 90' lang='lat' dir='ltr'><strong>videtur.</strong></span> <span class='ocrx_word' id='word_1_112' title='bbox 1712 1314 1790 1366; x_wconf 83' lang='lat'><strong>185</strong></span> 
     </span>
     <span class='ocr_line' id='line_1_18' title="bbox 292 1380 1503 1437; baseline 0 -14"><span class='ocrx_word' id='word_1_113' title='bbox 292 1387 338 1423; x_wconf 90' lang='lat' dir='ltr'><strong>at</strong></span> <span class='ocrx_word' id='word_1_114' title='bbox 370 1380 484 1437; x_wconf 88' lang='lat' dir='ltr'><strong>quod</strong></span> <span class='ocrx_word' id='word_1_115' title='bbox 515 1380 674 1422; x_wconf 86' lang='lat' dir='ltr'><strong>mobile</strong></span> <span class='ocrx_word' id='word_1_116' title='bbox 706 1387 830 1422; x_wconf 87' lang='lat' dir='ltr'><strong>tanto</strong></span> <span class='ocrx_word' id='word_1_117' title='bbox 862 1385 1044 1436; x_wconf 90' lang='lat' dir='ltr'><strong>operest,</strong></span> <span class='ocrx_word' id='word_1_118' title='bbox 1075 1386 1270 1423; x_wconf 87' lang='lat' dir='ltr'><strong>constare</strong></span> <span class='ocrx_word' id='word_1_119' title='bbox 1301 1381 1503 1423; x_wconf 88' lang='lat' dir='ltr'><strong>rutundis</strong></span> 
     </span>
     <span class='ocr_line' id='line_1_19' title="bbox 291 1450 1473 1507; baseline 0.002 -16"><span class='ocrx_word' id='word_1_120' title='bbox 291 1465 498 1506; x_wconf 90' lang='lat' dir='ltr'><strong>perquam</strong></span> <span class='ocrx_word' id='word_1_121' title='bbox 528 1450 766 1492; x_wconf 89' lang='lat' dir='ltr'><strong>seminibus</strong></span> <span class='ocrx_word' id='word_1_122' title='bbox 796 1450 926 1492; x_wconf 92' lang='lat' dir='ltr'><strong>debet</strong></span> <span class='ocrx_word' id='word_1_123' title='bbox 957 1465 1249 1507; x_wconf 87' lang='lat' dir='ltr'><strong>perquamque</strong></span> <span class='ocrx_word' id='word_1_124' title='bbox 1281 1451 1473 1502; x_wconf 89' lang='lat' dir='ltr'><strong>minutis,</strong></span> 
     </span>
     <span class='ocr_line' id='line_1_20' title="bbox 291 1518 1341 1575; baseline 0.001 -15"><span class='ocrx_word' id='word_1_125' title='bbox 291 1519 480 1560; x_wconf 91' lang='lat' dir='ltr'><strong>momine</strong></span> <span class='ocrx_word' id='word_1_126' title='bbox 512 1518 579 1561; x_wconf 89' lang='lat' dir='ltr'><strong>uti</strong></span> <span class='ocrx_word' id='word_1_127' title='bbox 609 1534 740 1575; x_wconf 89' lang='lat' dir='ltr'><strong>parvo</strong></span> <span class='ocrx_word' id='word_1_128' title='bbox 771 1519 937 1575; x_wconf 87' lang='lat' dir='ltr'><strong>possint</strong></span> <span class='ocrx_word' id='word_1_129' title='bbox 967 1519 1139 1575; x_wconf 88' lang='lat' dir='ltr'><strong>inpulsa</strong></span> <span class='ocrx_word' id='word_1_130' title='bbox 1169 1520 1341 1561; x_wconf 85' lang='lat' dir='ltr'><strong>moveri.</strong></span> 
     </span>
     <span class='ocr_line' id='line_1_21' title="bbox 292 1588 1512 1644; baseline 0.002 -15"><span class='ocrx_word' id='word_1_131' title='bbox 292 1602 479 1644; x_wconf 88' lang='lat' dir='ltr'><strong>namque</strong></span> <span class='ocrx_word' id='word_1_132' title='bbox 510 1593 710 1629; x_wconf 88' lang='lat' dir='ltr'><strong>movetur</strong></span> <span class='ocrx_word' id='word_1_133' title='bbox 740 1603 853 1644; x_wconf 86' lang='lat' dir='ltr'><strong>aqua</strong></span> <span class='ocrx_word' id='word_1_134' title='bbox 883 1594 929 1630; x_wconf 90' lang='lat' dir='ltr'><strong>et</strong></span> <span class='ocrx_word' id='word_1_135' title='bbox 960 1588 1132 1630; x_wconf 88' lang='lat' dir='ltr'><strong>tantillo</strong></span> <span class='ocrx_word' id='word_1_136' title='bbox 1163 1589 1351 1631; x_wconf 89' lang='lat' dir='ltr'><strong>momine</strong></span> <span class='ocrx_word' id='word_1_137' title='bbox 1383 1589 1512 1631; x_wconf 87' lang='lat' dir='ltr'><strong>flutat</strong></span> 
     </span>
     <span class='ocr_line' id='line_1_22' title="bbox 290 1657 1793 1715; baseline 0.001 -15"><span class='ocrx_word' id='word_1_138' title='bbox 290 1658 451 1714; x_wconf 90' lang='lat' dir='ltr'><strong>quippe</strong></span> <span class='ocrx_word' id='word_1_139' title='bbox 483 1657 746 1699; x_wconf 86' lang='lat' dir='ltr'><strong>volubilibus</strong></span> <span class='ocrx_word' id='word_1_140' title='bbox 778 1658 1005 1714; x_wconf 89' lang='lat' dir='ltr'><strong>parvisque</strong></span> <span class='ocrx_word' id='word_1_141' title='bbox 1037 1664 1182 1700; x_wconf 86' lang='lat' dir='ltr'><strong>creata</strong></span> <span class='ocrx_word' id='word_1_142' title='bbox 1213 1658 1373 1714; x_wconf 86' lang='lat' dir='ltr'><strong>figuris,</strong></span> <span class='ocrx_word' id='word_1_143' title='bbox 1710 1672 1793 1715; x_wconf 91' lang='lat'><strong>190</strong></span> 
     </span>
     <span class='ocr_line' id='line_1_23' title="bbox 292 1728 1270 1770; baseline 0.001 -1"><span class='ocrx_word' id='word_1_144' title='bbox 292 1734 338 1770; x_wconf 88' lang='lat' dir='ltr'><strong>at</strong></span> <span class='ocrx_word' id='word_1_145' title='bbox 369 1734 519 1770; x_wconf 90' lang='lat' dir='ltr'><strong>contra</strong></span> <span class='ocrx_word' id='word_1_146' title='bbox 549 1728 689 1770; x_wconf 91' lang='lat' dir='ltr'><strong>mellis</strong></span> <span class='ocrx_word' id='word_1_147' title='bbox 720 1729 984 1770; x_wconf 88' lang='lat' dir='ltr'><strong>constantior</strong></span> <span class='ocrx_word' id='word_1_148' title='bbox 1015 1734 1081 1770; x_wconf 90' lang='lat' dir='ltr'><strong>est</strong></span> <span class='ocrx_word' id='word_1_149' title='bbox 1111 1735 1270 1770; x_wconf 87' lang='lat' dir='ltr'><strong>natura</strong></span> 
     </span>
     <span class='ocr_line' id='line_1_24' title="bbox 293 1797 1392 1854; baseline 0.001 -15"><span class='ocrx_word' id='word_1_150' title='bbox 293 1802 338 1839; x_wconf 90' lang='lat' dir='ltr'><strong>et</strong></span> <span class='ocrx_word' id='word_1_151' title='bbox 368 1797 481 1854; x_wconf 85' lang='lat' dir='ltr'><strong>pigri</strong></span> <span class='ocrx_word' id='word_1_152' title='bbox 514 1797 662 1842; x_wconf 87' lang='lat' dir='ltr'><strong>latices</strong></span> <span class='ocrx_word' id='word_1_153' title='bbox 694 1797 832 1853; x_wconf 85' lang='lat' dir='ltr'><strong>magis</strong></span> <span class='ocrx_word' id='word_1_154' title='bbox 863 1803 908 1839; x_wconf 89' lang='lat' dir='ltr'><strong>et</strong></span> <span class='ocrx_word' id='word_1_155' title='bbox 938 1798 1212 1839; x_wconf 88' lang='lat' dir='ltr'><strong>cunctantior</strong></span> <span class='ocrx_word' id='word_1_156' title='bbox 1242 1804 1392 1850; x_wconf 81' lang='lat' dir='ltr'><strong>actus3</strong></span> 
     </span>
     <span class='ocr_line' id='line_1_25' title="bbox 294 1866 1377 1923; baseline 0.001 -15"><span class='ocrx_word' id='word_1_157' title='bbox 294 1867 444 1909; x_wconf 88' lang='lat' dir='ltr'><strong>haeret</strong></span> <span class='ocrx_word' id='word_1_158' title='bbox 475 1867 591 1908; x_wconf 88' lang='lat' dir='ltr'><strong>enim</strong></span> <span class='ocrx_word' id='word_1_159' title='bbox 622 1866 737 1909; x_wconf 90' lang='lat' dir='ltr'><strong>inter</strong></span> <span class='ocrx_word' id='word_1_160' title='bbox 767 1882 812 1910; x_wconf 90' lang='lat' dir='ltr'><strong>se</strong></span> <span class='ocrx_word' id='word_1_161' title='bbox 844 1867 980 1923; x_wconf 82' lang='lat' dir='ltr'><strong>magis</strong></span> <span class='ocrx_word' id='word_1_162' title='bbox 1011 1867 1149 1909; x_wconf 91' lang='lat' dir='ltr'><strong>omnis</strong></span> <span class='ocrx_word' id='word_1_163' title='bbox 1179 1868 1377 1909; x_wconf 85' lang='lat' dir='ltr'><strong>materiai</strong></span> 
     </span>
     <span class='ocr_line' id='line_1_26' title="bbox 291 1936 1384 1992; baseline 0 -14"><span class='ocrx_word' id='word_1_164' title='bbox 291 1936 426 1992; x_wconf 83' lang='lat' dir='ltr'><strong>copia,</strong></span> <span class='ocrx_word' id='word_1_165' title='bbox 455 1936 661 1977; x_wconf 88' lang='lat' dir='ltr'><strong>nimirum</strong></span> <span class='ocrx_word' id='word_1_166' title='bbox 693 1936 794 1992; x_wconf 90' lang='lat' dir='ltr'><strong>quia</strong></span> <span class='ocrx_word' id='word_1_167' title='bbox 824 1951 910 1977; x_wconf 92' lang='lat' dir='ltr'><strong>non</strong></span> <span class='ocrx_word' id='word_1_168' title='bbox 942 1943 1031 1978; x_wconf 86' lang='lat' dir='ltr'><strong>tam</strong></span> <span class='ocrx_word' id='word_1_169' title='bbox 1063 1936 1230 1978; x_wconf 91' lang='lat' dir='ltr'><strong>levibus</strong></span> <span class='ocrx_word' id='word_1_170' title='bbox 1261 1942 1384 1978; x_wconf 80' lang='lat' dir='ltr'><strong>extat</strong></span> 
     </span>
     <span class='ocr_line' id='line_1_27' title="bbox 292 2004 1787 2061; baseline 0.001 -15"><span class='ocrx_word' id='word_1_171' title='bbox 292 2004 538 2060; x_wconf 90' lang='lat' dir='ltr'><strong>corporibus</strong></span> <span class='ocrx_word' id='word_1_172' title='bbox 567 2019 707 2060; x_wconf 91' lang='lat' dir='ltr'><strong>neque</strong></span> <span class='ocrx_word' id='word_1_173' title='bbox 739 2012 829 2046; x_wconf 86' lang='lat' dir='ltr'><strong>tam</strong></span> <span class='ocrx_word' id='word_1_174' title='bbox 861 2005 1095 2060; x_wconf 89' lang='lat' dir='ltr'><strong>suptilibus</strong></span> <span class='ocrx_word' id='word_1_175' title='bbox 1125 2010 1257 2061; x_wconf 88' lang='lat' dir='ltr'><strong>atque</strong></span> <span class='ocrx_word' id='word_1_176' title='bbox 1288 2005 1501 2048; x_wconf 90' lang='lat' dir='ltr'><strong>rutundis.</strong></span> <span class='ocrx_word' id='word_1_177' title='bbox 1711 2016 1787 2061; x_wconf 83' lang='lat'><strong>195</strong></span> 
     </span>
     <span class='ocr_line' id='line_1_28' title="bbox 291 2074 1508 2131; baseline 0 -15"><span class='ocrx_word' id='word_1_178' title='bbox 291 2089 479 2130; x_wconf 87' lang='lat' dir='ltr'><strong>namque</strong></span> <span class='ocrx_word' id='word_1_179' title='bbox 510 2074 736 2130; x_wconf 87' lang='lat' dir='ltr'><strong>papaveris</strong></span> <span class='ocrx_word' id='word_1_180' title='bbox 767 2089 871 2116; x_wconf 90' lang='lat' dir='ltr'><strong>aura</strong></span> <span class='ocrx_word' id='word_1_181' title='bbox 901 2080 1045 2130; x_wconf 89' lang='lat' dir='ltr'><strong>potest</strong></span> <span class='ocrx_word' id='word_1_182' title='bbox 1077 2089 1285 2131; x_wconf 90' lang='lat' dir='ltr'><strong>suspensa</strong></span> <span class='ocrx_word' id='word_1_183' title='bbox 1316 2074 1508 2130; x_wconf 89' lang='lat' dir='ltr'><strong>levisque</strong></span> 
     </span>
     <span class='ocr_line' id='line_1_29' title="bbox 291 2143 1500 2201; baseline 0.001 -16"><span class='ocrx_word' id='word_1_184' title='bbox 291 2158 440 2201; x_wconf 85' lang='lat' dir='ltr'><strong>cogere</strong></span> <span class='ocrx_word' id='word_1_185' title='bbox 471 2149 522 2186; x_wconf 93' lang='lat' dir='ltr'><strong>ut</strong></span> <span class='ocrx_word' id='word_1_186' title='bbox 553 2143 607 2185; x_wconf 90' lang='lat' dir='ltr'><strong>ab</strong></span> <span class='ocrx_word' id='word_1_187' title='bbox 638 2159 806 2186; x_wconf 91' lang='lat' dir='ltr'><strong>summo</strong></span> <span class='ocrx_word' id='word_1_188' title='bbox 836 2144 919 2186; x_wconf 88' lang='lat' dir='ltr'><strong>tibi</strong></span> <span class='ocrx_word' id='word_1_189' title='bbox 949 2144 1120 2186; x_wconf 89' lang='lat' dir='ltr'><strong>diffluat</strong></span> <span class='ocrx_word' id='word_1_190' title='bbox 1151 2145 1266 2186; x_wconf 89' lang='lat' dir='ltr'><strong>altus</strong></span> <span class='ocrx_word' id='word_1_191' title='bbox 1296 2159 1500 2197; x_wconf 88' lang='lat' dir='ltr'><strong>acervus;</strong></span> 
     </span>
     <span class='ocr_line' id='line_1_30' title="bbox 291 2213 1486 2269; baseline -0.001 -14"><span class='ocrx_word' id='word_1_192' title='bbox 291 2217 338 2255; x_wconf 88' lang='lat' dir='ltr'><strong>at</strong></span> <span class='ocrx_word' id='word_1_193' title='bbox 368 2218 516 2254; x_wconf 85' lang='lat' dir='ltr'><strong>contra</strong></span> <span class='ocrx_word' id='word_1_194' title='bbox 546 2213 740 2267; x_wconf 90' lang='lat' dir='ltr'><strong>lapidum</strong></span> <span class='ocrx_word' id='word_1_195' title='bbox 771 2213 1013 2255; x_wconf 89' lang='lat' dir='ltr'><strong>conlectum</strong></span> <span class='ocrx_word' id='word_1_196' title='bbox 1043 2213 1135 2269; x_wconf 90' lang='lat' dir='ltr'><strong>ipse</strong></span> <span class='ocrx_word' id='word_1_197' title='bbox 1166 2213 1285 2255; x_wconf 88' lang='lat' dir='ltr'><strong>euru’</strong></span> <span class='ocrx_word' id='word_1_198' title='bbox 1315 2228 1486 2255; x_wconf 84' lang='lat' dir='ltr'><strong>movere</strong></span> 
     </span>
    </p>
   </div>
   <div class='ocr_carea' id='block_1_3' title="bbox 175 2336 1791 2979">
    <p class='ocr_par' dir='ltr' id='par_1_3' title="bbox 175 2336 1791 2979">
     <span class='ocr_line' id='line_1_31' title="bbox 176 2336 1788 2380; baseline 0.002 -12"><span class='ocrx_word' id='word_1_199' title='bbox 176 2336 261 2369; x_wconf 85' lang='lat' dir='ltr'><strong>with</strong></span> <span class='ocrx_word' id='word_1_200' title='bbox 283 2336 342 2368; x_wconf 87' lang='lat' dir='ltr'><strong>AB</strong></span> <span class='ocrx_word' id='word_1_201' title='bbox 366 2336 457 2369; x_wconf 84' lang='lat' dir='ltr'><strong>Nice.</strong></span> <span class='ocrx_word' id='word_1_202' title='bbox 507 2337 614 2368; x_wconf 79' lang='lat' dir='ltr'><strong>animi</strong></span> <span class='ocrx_word' id='word_1_203' title='bbox 636 2338 688 2368; x_wconf 82' lang='lat' dir='ltr'><strong>vis</strong></span> <span class='ocrx_word' id='word_1_204' title='bbox 712 2336 846 2369; x_wconf 88' lang='lat' dir='ltr'><strong>Nonius</strong></span> <span class='ocrx_word' id='word_1_205' title='bbox 868 2337 964 2370; x_wconf 82' lang='lat' dir='ltr'><strong>Brix.</strong></span> <span class='ocrx_word' id='word_1_206' title='bbox 1151 2338 1214 2370; x_wconf 87' lang='lat'><strong>170</strong></span> <span class='ocrx_word' id='word_1_207' title='bbox 1236 2339 1375 2378; x_wconf 81' lang='lat' dir='ltr'><strong>offendit</strong></span> <span class='ocrx_word' id='word_1_208' title='bbox 1396 2338 1426 2369; x_wconf 95' lang='lat' dir='ltr'>B</span> <span class='ocrx_word' id='word_1_209' title='bbox 1450 2348 1534 2372; x_wconf 87' lang='lat' dir='ltr'><strong>corr.</strong></span> <span class='ocrx_word' id='word_1_210' title='bbox 1563 2338 1615 2370; x_wconf 82' lang='lat' dir='ltr'><strong>for</strong></span> <span class='ocrx_word' id='word_1_211' title='bbox 1638 2339 1788 2380; x_wconf 80' lang='lat' dir='ltr'><strong>offendis.</strong></span> 
     </span>
     <span class='ocr_line' id='line_1_32' title="bbox 221 2390 1790 2433; baseline 0.001 -11"><span class='ocrx_word' id='word_1_212' title='bbox 221 2392 282 2423; x_wconf 82' lang='lat' dir='ltr'><strong>teli</strong></span> <span class='ocrx_word' id='word_1_213' title='bbox 305 2391 392 2423; x_wconf 83' lang='lat' dir='ltr'><strong>Mar.</strong></span> <span class='ocrx_word' id='word_1_214' title='bbox 417 2390 515 2422; x_wconf 85' lang='lat' dir='ltr'><strong>Junt.</strong></span> <span class='ocrx_word' id='word_1_215' title='bbox 541 2393 632 2422; x_wconf 85' lang='lat' dir='ltr'><strong>most</strong></span> <span class='ocrx_word' id='word_1_216' title='bbox 656 2391 747 2432; x_wconf 84' lang='lat' dir='ltr'><strong>truly</strong></span> <span class='ocrx_word' id='word_1_217' title='bbox 770 2391 823 2423; x_wconf 86' lang='lat' dir='ltr'><strong>for</strong></span> <span class='ocrx_word' id='word_1_218' title='bbox 847 2393 917 2424; x_wconf 79' lang='lat' dir='ltr'><strong>leti.</strong></span> <span class='ocrx_word' id='word_1_219' title='bbox 1077 2391 1140 2424; x_wconf 85' lang='lat'><strong>172</strong></span> <span class='ocrx_word' id='word_1_220' title='bbox 1164 2397 1336 2432; x_wconf 78' lang='lat' dir='ltr'><strong>terraeque</strong></span> <span class='ocrx_word' id='word_1_221' title='bbox 1355 2394 1483 2433; x_wconf 76' lang='lat' dir='ltr'><strong>petitus</strong></span> <span class='ocrx_word' id='word_1_222' title='bbox 1508 2393 1625 2433; x_wconf 75' lang='lat' dir='ltr'><strong>Seym&#39;s</strong></span> <span class='ocrx_word' id='word_1_223' title='bbox 1648 2393 1713 2424; x_wconf 90' lang='lat' dir='ltr'><strong>Ed.</strong></span> <span class='ocrx_word' id='word_1_224' title='bbox 1738 2393 1790 2425; x_wconf 85' lang='lat' dir='ltr'><strong>for</strong></span> 
     </span>
     <span class='ocr_line' id='line_1_33' title="bbox 176 2445 1789 2488; baseline 0.002 -11"><span class='ocrx_word' id='word_1_225' title='bbox 176 2449 198 2478; x_wconf 84' lang='lat' dir='ltr'><strong>t.</strong></span> <span class='ocrx_word' id='word_1_226' title='bbox 221 2455 258 2486; x_wconf 81' lang='lat' dir='ltr'><strong>p.</strong></span> <span class='ocrx_word' id='word_1_227' title='bbox 283 2446 417 2483; x_wconf 81' lang='lat' dir='ltr'><strong>Suavis,</strong></span> <span class='ocrx_word' id='word_1_228' title='bbox 443 2445 587 2477; x_wconf 82' lang='lat' dir='ltr'><strong>because</strong></span> <span class='ocrx_word' id='word_1_229' title='bbox 617 2445 636 2477; x_wconf 95' lang='lat' dir='ltr'>I</span> <span class='ocrx_word' id='word_1_230' title='bbox 659 2455 723 2478; x_wconf 84' lang='lat' dir='ltr'><strong>can</strong></span> <span class='ocrx_word' id='word_1_231' title='bbox 746 2446 848 2478; x_wconf 86' lang='lat' dir='ltr'><strong>think</strong></span> <span class='ocrx_word' id='word_1_232' title='bbox 875 2447 912 2478; x_wconf 84' lang='lat' dir='ltr'><strong>of</strong></span> <span class='ocrx_word' id='word_1_233' title='bbox 940 2446 1088 2487; x_wconf 83' lang='lat' dir='ltr'><strong>nothing</strong></span> <span class='ocrx_word' id='word_1_234' title='bbox 1117 2446 1248 2479; x_wconf 86' lang='lat' dir='ltr'><strong>better:</strong></span> <span class='ocrx_word' id='word_1_235' title='bbox 1280 2449 1394 2479; x_wconf 79' lang='lat' dir='ltr'><strong>suavis</strong></span> <span class='ocrx_word' id='word_1_236' title='bbox 1426 2448 1626 2488; x_wconf 83' lang='lat' dir='ltr'><strong>manifestly</strong></span> <span class='ocrx_word' id='word_1_237' title='bbox 1649 2447 1713 2480; x_wconf 86' lang='lat' dir='ltr'><strong>has</strong></span> <span class='ocrx_word' id='word_1_238' title='bbox 1743 2458 1789 2480; x_wconf 88' lang='lat' dir='ltr'><strong>no</strong></span> 
     </span>
     <span class='ocr_line' id='line_1_34' title="bbox 176 2498 1790 2543; baseline 0.002 -13"><span class='ocrx_word' id='word_1_239' title='bbox 176 2508 285 2531; x_wconf 86' lang='lat' dir='ltr'><strong>sense.</strong></span> <span class='ocrx_word' id='word_1_240' title='bbox 332 2500 465 2540; x_wconf 78' lang='lat' dir='ltr'><strong>Suppus</strong></span> <span class='ocrx_word' id='word_1_241' title='bbox 487 2498 614 2532; x_wconf 84' lang='lat' dir='ltr'><strong>Lach.:</strong></span> <span class='ocrx_word' id='word_1_242' title='bbox 645 2500 706 2532; x_wconf 90' lang='lat' dir='ltr'><strong>but</strong></span> <span class='ocrx_word' id='word_1_243' title='bbox 730 2500 808 2542; x_wconf 84' lang='lat' dir='ltr'><strong>why</strong></span> <span class='ocrx_word' id='word_1_244' title='bbox 832 2511 954 2542; x_wconf 77' lang='lat' dir='ltr'><strong>suppus</strong></span> <span class='ocrx_word' id='word_1_245' title='bbox 977 2501 1094 2534; x_wconf 88' lang='lat' dir='ltr'><strong>rather</strong></span> <span class='ocrx_word' id='word_1_246' title='bbox 1118 2501 1206 2533; x_wconf 82' lang='lat' dir='ltr'><strong>than</strong></span> <span class='ocrx_word' id='word_1_247' title='bbox 1226 2504 1380 2542; x_wconf 76' lang='lat' dir='ltr'><strong>pronus?</strong></span> <span class='ocrx_word' id='word_1_248' title='bbox 1412 2511 1432 2533; x_wconf 83' lang='lat' dir='ltr'><strong>a</strong></span> <span class='ocrx_word' id='word_1_249' title='bbox 1455 2511 1538 2533; x_wconf 86' lang='lat' dir='ltr'><strong>man</strong></span> <span class='ocrx_word' id='word_1_250' title='bbox 1562 2502 1592 2533; x_wconf 92' lang='lat' dir='ltr'><strong>is</strong></span> <span class='ocrx_word' id='word_1_251' title='bbox 1618 2502 1790 2543; x_wconf 82' lang='lat' dir='ltr'><strong>generally</strong></span> 
     </span>
     <span class='ocr_line' id='line_1_35' title="bbox 176 2553 1788 2596; baseline 0.001 -10"><span class='ocrx_word' id='word_1_252' title='bbox 176 2553 344 2586; x_wconf 85' lang='lat' dir='ltr'><strong>wounded</strong></span> <span class='ocrx_word' id='word_1_253' title='bbox 370 2554 407 2585; x_wconf 88' lang='lat' dir='ltr'><strong>in</strong></span> <span class='ocrx_word' id='word_1_254' title='bbox 434 2554 529 2586; x_wconf 75' lang='lat' dir='ltr'><strong>front</strong></span> <span class='ocrx_word' id='word_1_255' title='bbox 555 2554 625 2586; x_wconf 82' lang='lat' dir='ltr'><strong>and</strong></span> <span class='ocrx_word' id='word_1_256' title='bbox 652 2554 748 2593; x_wconf 83' lang='lat' dir='ltr'><strong>then,</strong></span> <span class='ocrx_word' id='word_1_257' title='bbox 774 2565 812 2587; x_wconf 84' lang='lat' dir='ltr'><strong>as</strong></span> <span class='ocrx_word' id='word_1_258' title='bbox 838 2556 940 2589; x_wconf 88' lang='lat' dir='ltr'><strong>Lucr.</strong></span> <span class='ocrx_word' id='word_1_259' title='bbox 965 2566 1043 2596; x_wconf 83' lang='lat' dir='ltr'><strong>says</strong></span> <span class='ocrx_word' id='word_1_260' title='bbox 1067 2565 1102 2588; x_wconf 89' lang='lat' dir='ltr'><strong>1v</strong></span> <span class='ocrx_word' id='word_1_261' title='bbox 1126 2557 1222 2594; x_wconf 77' lang='lat'>1049,</span> <span class='ocrx_word' id='word_1_262' title='bbox 1247 2556 1291 2588; x_wconf 88' lang='lat' dir='ltr'><strong>he</strong></span> <span class='ocrx_word' id='word_1_263' title='bbox 1314 2556 1395 2588; x_wconf 86' lang='lat' dir='ltr'><strong>falls</strong></span> <span class='ocrx_word' id='word_1_264' title='bbox 1418 2556 1581 2588; x_wconf 83' lang='lat' dir='ltr'><strong>forwards</strong></span> <span class='ocrx_word' id='word_1_265' title='bbox 1604 2559 1666 2588; x_wconf 89' lang='lat' dir='ltr'><strong>not</strong></span> <span class='ocrx_word' id='word_1_266' title='bbox 1690 2557 1788 2588; x_wconf 75' lang='lat' dir='ltr'><strong>back-</strong></span> 
     </span>
     <span class='ocr_line' id='line_1_36' title="bbox 175 2608 1790 2652; baseline 0.002 -12"><span class='ocrx_word' id='word_1_267' title='bbox 175 2608 296 2640; x_wconf 84' lang='lat' dir='ltr'><strong>wards.</strong></span> <span class='ocrx_word' id='word_1_268' title='bbox 343 2609 471 2640; x_wconf 77' lang='lat' dir='ltr'><strong>Saevus</strong></span> <span class='ocrx_word' id='word_1_269' title='bbox 493 2612 526 2640; x_wconf 83' lang='lat' dir='ltr'><strong>et</strong></span> <span class='ocrx_word' id='word_1_270' title='bbox 550 2608 651 2642; x_wconf 88' lang='lat' dir='ltr'><strong>Bern.</strong></span> <span class='ocrx_word' id='word_1_271' title='bbox 680 2609 769 2641; x_wconf 82' lang='lat' dir='ltr'><strong>after</strong></span> <span class='ocrx_word' id='word_1_272' title='bbox 792 2620 813 2642; x_wconf 86' lang='lat' dir='ltr'><strong>a</strong></span> <span class='ocrx_word' id='word_1_273' title='bbox 835 2610 947 2642; x_wconf 85' lang='lat' dir='ltr'><strong>friend</strong></span> <span class='ocrx_word' id='word_1_274' title='bbox 970 2611 1006 2643; x_wconf 81' lang='lat' dir='ltr'><strong>of</strong></span> <span class='ocrx_word' id='word_1_275' title='bbox 1028 2611 1126 2644; x_wconf 83' lang='lat' dir='ltr'><strong>Wak.</strong></span> <span class='ocrx_word' id='word_1_276' title='bbox 1156 2611 1209 2642; x_wconf 65' lang='grc' dir='ltr'><strong>Μι1</strong></span> <span class='ocrx_word' id='word_1_277' title='bbox 1232 2610 1326 2642; x_wconf 83' lang='lat' dir='ltr'><strong>John</strong></span> <span class='ocrx_word' id='word_1_278' title='bbox 1349 2611 1472 2644; x_wconf 83' lang='lat' dir='ltr'><strong>Jones:</strong></span> <span class='ocrx_word' id='word_1_279' title='bbox 1499 2611 1562 2643; x_wconf 88' lang='lat' dir='ltr'><strong>but</strong></span> <span class='ocrx_word' id='word_1_280' title='bbox 1585 2611 1644 2643; x_wconf 88' lang='lat' dir='ltr'><strong>the</strong></span> <span class='ocrx_word' id='word_1_281' title='bbox 1666 2613 1790 2652; x_wconf 85' lang='lat' dir='ltr'><strong>copula</strong></span> 
     </span>
     <span class='ocr_line' id='line_1_37' title="bbox 177 2662 1790 2706; baseline 0.002 -11"><span class='ocrx_word' id='word_1_282' title='bbox 177 2667 208 2695; x_wconf 83' lang='lat' dir='ltr'><strong>et</strong></span> <span class='ocrx_word' id='word_1_283' title='bbox 235 2663 265 2695; x_wconf 92' lang='lat' dir='ltr'><strong>is</strong></span> <span class='ocrx_word' id='word_1_284' title='bbox 291 2672 394 2695; x_wconf 86' lang='lat' dir='ltr'><strong>never</strong></span> <span class='ocrx_word' id='word_1_285' title='bbox 420 2662 528 2694; x_wconf 81' lang='lat' dir='ltr'><strong>found</strong></span> <span class='ocrx_word' id='word_1_286' title='bbox 551 2662 588 2694; x_wconf 86' lang='lat' dir='ltr'><strong>in</strong></span> <span class='ocrx_word' id='word_1_287' title='bbox 611 2663 714 2695; x_wconf 83' lang='lat' dir='ltr'><strong>Lucr.</strong></span> <span class='ocrx_word' id='word_1_288' title='bbox 739 2666 799 2695; x_wconf 92' lang='lat' dir='ltr'><strong>out</strong></span> <span class='ocrx_word' id='word_1_289' title='bbox 823 2665 860 2696; x_wconf 89' lang='lat' dir='ltr'><strong>of</strong></span> <span class='ocrx_word' id='word_1_290' title='bbox 887 2664 933 2696; x_wconf 86' lang='lat' dir='ltr'><strong>its</strong></span> <span class='ocrx_word' id='word_1_291' title='bbox 955 2665 1064 2705; x_wconf 87' lang='lat' dir='ltr'><strong>place,</strong></span> <span class='ocrx_word' id='word_1_292' title='bbox 1088 2665 1159 2697; x_wconf 88' lang='lat' dir='ltr'><strong>and</strong></span> <span class='ocrx_word' id='word_1_293' title='bbox 1182 2675 1203 2697; x_wconf 86' lang='lat' dir='ltr'><strong>a</strong></span> <span class='ocrx_word' id='word_1_294' title='bbox 1227 2664 1336 2705; x_wconf 79' lang='lat' dir='ltr'><strong>single</strong></span> <span class='ocrx_word' id='word_1_295' title='bbox 1360 2664 1515 2706; x_wconf 83' lang='lat' dir='ltr'><strong>example</strong></span> <span class='ocrx_word' id='word_1_296' title='bbox 1537 2668 1632 2697; x_wconf 85' lang='lat' dir='ltr'><strong>must</strong></span> <span class='ocrx_word' id='word_1_297' title='bbox 1655 2668 1718 2697; x_wconf 89' lang='lat' dir='ltr'><strong>not</strong></span> <span class='ocrx_word' id='word_1_298' title='bbox 1748 2666 1790 2698; x_wconf 86' lang='lat' dir='ltr'><strong>be</strong></span> 
     </span>
     <span class='ocr_line' id='line_1_38' title="bbox 179 2716 1715 2759; baseline 0.001 -10"><span class='ocrx_word' id='word_1_299' title='bbox 179 2716 382 2750; x_wconf 85' lang='lat' dir='ltr'><strong>introduced</strong></span> <span class='ocrx_word' id='word_1_300' title='bbox 407 2717 452 2758; x_wconf 81' lang='lat' dir='ltr'><strong>by</strong></span> <span class='ocrx_word' id='word_1_301' title='bbox 468 2719 676 2759; x_wconf 83' lang='lat' dir='ltr'><strong>conjecture.</strong></span> <span class='ocrx_word' id='word_1_302' title='bbox 767 2719 830 2751; x_wconf 82' lang='lat'><strong>183</strong></span> <span class='ocrx_word' id='word_1_303' title='bbox 856 2721 922 2751; x_wconf 79' lang='lat' dir='ltr'><strong>sibi</strong></span> <span class='ocrx_word' id='word_1_304' title='bbox 938 2719 1035 2752; x_wconf 85' lang='lat' dir='ltr'><strong>Wak.</strong></span> <span class='ocrx_word' id='word_1_305' title='bbox 1065 2719 1118 2751; x_wconf 87' lang='lat' dir='ltr'><strong>for</strong></span> <span class='ocrx_word' id='word_1_306' title='bbox 1145 2720 1192 2751; x_wconf 84' lang='lat' dir='ltr'><strong>si:</strong></span> <span class='ocrx_word' id='word_1_307' title='bbox 1216 2729 1238 2751; x_wconf 86' lang='lat' dir='ltr'>v</span> <span class='ocrx_word' id='word_1_308' title='bbox 1265 2720 1349 2751; x_wconf 85' lang='lat'>1142</span> <span class='ocrx_word' id='word_1_309' title='bbox 1374 2720 1403 2751; x_wconf 87' lang='lat' dir='ltr'>B</span> <span class='ocrx_word' id='word_1_310' title='bbox 1427 2719 1538 2752; x_wconf 81' lang='lat' dir='ltr'><strong>hassi</strong></span> <span class='ocrx_word' id='word_1_311' title='bbox 1562 2720 1614 2751; x_wconf 87' lang='lat' dir='ltr'><strong>for</strong></span> <span class='ocrx_word' id='word_1_312' title='bbox 1639 2721 1715 2751; x_wconf 84' lang='lat' dir='ltr'><strong>sibi.</strong></span> 
     </span>
     <span class='ocr_line' id='line_1_39' title="bbox 221 2772 1788 2812; baseline 0.003 -10"><span class='ocrx_word' id='word_1_313' title='bbox 221 2772 284 2804; x_wconf 85' lang='lat'><strong>198</strong></span> <span class='ocrx_word' id='word_1_314' title='bbox 321 2773 555 2812; x_wconf 81' lang='lat' dir='ltr'><strong>spicarumque</strong></span> <span class='ocrx_word' id='word_1_315' title='bbox 593 2781 676 2804; x_wconf 90' lang='lat' dir='ltr'><strong>mss.</strong></span> <span class='ocrx_word' id='word_1_316' title='bbox 725 2772 828 2804; x_wconf 90' lang='lat' dir='ltr'><strong>Bern.</strong></span> <span class='ocrx_word' id='word_1_317' title='bbox 866 2773 930 2805; x_wconf 85' lang='lat' dir='ltr'><strong>has</strong></span> <span class='ocrx_word' id='word_1_318' title='bbox 969 2783 1050 2805; x_wconf 86' lang='lat' dir='ltr'><strong>seen</strong></span> <span class='ocrx_word' id='word_1_319' title='bbox 1081 2773 1157 2805; x_wconf 84' lang='lat' dir='ltr'><strong>that</strong></span> <span class='ocrx_word' id='word_1_320' title='bbox 1187 2773 1225 2805; x_wconf 89' lang='lat' dir='ltr'><strong>in</strong></span> <span class='ocrx_word' id='word_1_321' title='bbox 1255 2773 1316 2806; x_wconf 89' lang='lat' dir='ltr'><strong>the</strong></span> <span class='ocrx_word' id='word_1_322' title='bbox 1346 2774 1465 2806; x_wconf 84' lang='lat' dir='ltr'><strong>letters</strong></span> <span class='ocrx_word' id='word_1_323' title='bbox 1496 2783 1590 2810; x_wconf 80' lang='lat' dir='ltr'>MQUE</span> <span class='ocrx_word' id='word_1_324' title='bbox 1621 2773 1680 2806; x_wconf 87' lang='lat' dir='ltr'><strong>the</strong></span> <span class='ocrx_word' id='word_1_325' title='bbox 1709 2775 1788 2806; x_wconf 86' lang='lat' dir='ltr'><strong>verb</strong></span> 
     </span>
     <span class='ocr_line' id='line_1_40' title="bbox 177 2825 1788 2868; baseline 0.002 -11"><span class='ocrx_word' id='word_1_326' title='bbox 177 2835 320 2858; x_wconf 75' lang='grc' dir='ltr'>ΜοῠΕΒΕ</span> <span class='ocrx_word' id='word_1_327' title='bbox 350 2825 462 2857; x_wconf 86' lang='lat' dir='ltr'><strong>lurks:</strong></span> <span class='ocrx_word' id='word_1_328' title='bbox 501 2826 540 2856; x_wconf 90' lang='lat' dir='ltr'><strong>in</strong></span> <span class='ocrx_word' id='word_1_329' title='bbox 571 2825 635 2857; x_wconf 84' lang='lat'><strong>236</strong></span> <span class='ocrx_word' id='word_1_330' title='bbox 665 2835 748 2857; x_wconf 81' lang='lat' dir='ltr'><strong>mSS.</strong></span> <span class='ocrx_word' id='word_1_331' title='bbox 779 2829 1014 2868; x_wconf 80' lang='lat' dir='ltr'><strong>multamqueri</strong></span> <span class='ocrx_word' id='word_1_332' title='bbox 1046 2828 1098 2859; x_wconf 85' lang='lat' dir='ltr'><strong>for</strong></span> <span class='ocrx_word' id='word_1_333' title='bbox 1128 2829 1235 2860; x_wconf 76' lang='lat' dir='ltr'><strong>multa</strong></span> <span class='ocrx_word' id='word_1_334' title='bbox 1273 2830 1415 2860; x_wconf 69' lang='lat' dir='ltr'><strong>moveri:</strong></span> <span class='ocrx_word' id='word_1_335' title='bbox 1453 2828 1498 2859; x_wconf 89' lang='lat' dir='ltr'><strong>he</strong></span> <span class='ocrx_word' id='word_1_336' title='bbox 1535 2827 1636 2859; x_wconf 86' lang='lat' dir='ltr'><strong>reads</strong></span> <span class='ocrx_word' id='word_1_337' title='bbox 1672 2829 1788 2860; x_wconf 80' lang='lat' dir='ltr'><strong>cauru&#39;</strong></span> 
     </span>
     <span class='ocr_line' id='line_1_41' title="bbox 176 2879 1787 2923; baseline 0.001 -11"><span class='ocrx_word' id='word_1_338' title='bbox 176 2890 325 2913; x_wconf 85' lang='lat' dir='ltr'><strong>movere:</strong></span> <span class='ocrx_word' id='word_1_339' title='bbox 352 2879 415 2912; x_wconf 89' lang='lat' dir='ltr'><strong>but</strong></span> <span class='ocrx_word' id='word_1_340' title='bbox 437 2879 576 2912; x_wconf 90' lang='lat' dir='ltr'><strong>whence</strong></span> <span class='ocrx_word' id='word_1_341' title='bbox 597 2889 713 2912; x_wconf 84' lang='lat' dir='ltr'><strong>comes</strong></span> <span class='ocrx_word' id='word_1_342' title='bbox 737 2880 796 2912; x_wconf 91' lang='lat' dir='ltr'><strong>the</strong></span> <span class='ocrx_word' id='word_1_343' title='bbox 819 2883 896 2922; x_wconf 78' lang='lat' dir='ltr'><strong>spi?</strong></span> <span class='ocrx_word' id='word_1_344' title='bbox 941 2882 959 2914; x_wconf 90' lang='grc' dir='ltr'>Ι</span> <span class='ocrx_word' id='word_1_345' title='bbox 979 2882 1067 2914; x_wconf 86' lang='lat' dir='ltr'><strong>have</strong></span> <span class='ocrx_word' id='word_1_346' title='bbox 1089 2881 1258 2914; x_wconf 87' lang='lat' dir='ltr'><strong>therefore</strong></span> <span class='ocrx_word' id='word_1_347' title='bbox 1281 2883 1420 2914; x_wconf 82' lang='lat' dir='ltr'><strong>written</strong></span> <span class='ocrx_word' id='word_1_348' title='bbox 1443 2884 1512 2923; x_wconf 79' lang='lat' dir='ltr'><strong>ipse</strong></span> <span class='ocrx_word' id='word_1_349' title='bbox 1536 2883 1628 2914; x_wconf 80' lang='lat' dir='ltr'><strong>euru&#39;</strong></span> <span class='ocrx_word' id='word_1_350' title='bbox 1651 2893 1787 2915; x_wconf 70' lang='lat' dir='ltr'><strong>mooere.</strong></span> 
     </span>
     <span class='ocr_line' id='line_1_42' title="bbox 176 2934 1791 2979; baseline 0.001 -12"><span class='ocrx_word' id='word_1_351' title='bbox 176 2936 317 2976; x_wconf 73' lang='lat' dir='ltr'><strong>spiritus</strong></span> <span class='ocrx_word' id='word_1_352' title='bbox 340 2944 418 2967; x_wconf 82' lang='lat' dir='ltr'><strong>acer</strong></span> <span class='ocrx_word' id='word_1_353' title='bbox 439 2934 567 2969; x_wconf 82' lang='lat' dir='ltr'><strong>Lach.:</strong></span> <span class='ocrx_word' id='word_1_354' title='bbox 592 2934 653 2967; x_wconf 88' lang='lat' dir='ltr'><strong>but</strong></span> <span class='ocrx_word' id='word_1_355' title='bbox 675 2934 735 2967; x_wconf 86' lang='lat' dir='ltr'><strong>the</strong></span> <span class='ocrx_word' id='word_1_356' title='bbox 760 2938 920 2968; x_wconf 87' lang='lat' dir='ltr'><strong>sentence</strong></span> <span class='ocrx_word' id='word_1_357' title='bbox 941 2936 1093 2977; x_wconf 86' lang='lat' dir='ltr'><strong>requires</strong></span> <span class='ocrx_word' id='word_1_358' title='bbox 1117 2947 1138 2969; x_wconf 84' lang='lat' dir='ltr'><strong>a</strong></span> <span class='ocrx_word' id='word_1_359' title='bbox 1161 2937 1251 2970; x_wconf 89' lang='lat' dir='ltr'><strong>verb.</strong></span> <span class='ocrx_word' id='word_1_360' title='bbox 1296 2939 1475 2979; x_wconf 75' lang='lat' dir='ltr'><strong>spiclorum</strong></span> <span class='ocrx_word' id='word_1_361' title='bbox 1497 2936 1566 2968; x_wconf 83' lang='lat' dir='ltr'><strong>and</strong></span> <span class='ocrx_word' id='word_1_362' title='bbox 1585 2936 1645 2968; x_wconf 89' lang='lat' dir='ltr'><strong>the</strong></span> <span class='ocrx_word' id='word_1_363' title='bbox 1665 2937 1733 2969; x_wconf 85' lang='lat' dir='ltr'><strong>like</strong></span> <span class='ocrx_word' id='word_1_364' title='bbox 1754 2938 1791 2969; x_wconf 86' lang='lat' dir='ltr'><strong>of</strong></span> 
     </span>
    </p>
   </div>
  </div>
 </body>
</html>
