1997 3267
687 590 739 640 T.
798 590 1103 640 LUCRETI
1164 592 1331 641 CARI

521 764 642 820 DE
723 764 1050 820 RERUM
1134 766 1520 822 NATURA

806 972 982 1011 LIBER
1021 974 1240 1013 SEXTUS

333 1216 503 1258 Primae
534 1215 772 1271 frugiparos
805 1214 918 1256 fetus
950 1213 1204 1256 mortalibus
1235 1214 1373 1271 aegris

331 1284 582 1326 dididerunt
613 1283 827 1340 quondam
860 1283 1076 1338 praeclaro
1108 1282 1278 1324 nomine
1311 1283 1510 1326 Athenae

332 1360 378 1398 et
407 1359 708 1396 recreaverunt
740 1353 874 1394 vitam
907 1351 1107 1407 legesque
1139 1358 1359 1408 rogarunt,

331 1429 377 1466 et
407 1423 572 1479 primae
605 1422 819 1464 dederunt
850 1421 1006 1464 solacia
1037 1421 1179 1463 dulcia
1210 1421 1336 1471 vitae,

330 1507 429 1535 cum
459 1506 647 1548 genuere
681 1491 820 1532 virum
853 1490 931 1533 tali
964 1506 1062 1532 cum
1095 1491 1219 1533 corde
1250 1499 1481 1547 repertum,
1801 1502 1822 1546 5

334 1562 478 1604 omnia
508 1560 695 1602 veridico
726 1560 801 1616 qui
832 1560 1048 1616 quondam
1081 1575 1131 1602 ex
1164 1575 1235 1602 ore
1266 1559 1481 1616 profudit;

332 1629 456 1672 cuius
486 1634 532 1670 et
563 1628 747 1670 extincti
777 1634 954 1684 propter
983 1628 1131 1670 divina
1161 1635 1332 1684 reperta

333 1697 554 1754 divolgata
584 1702 711 1738 vetus
742 1696 827 1738 iam
861 1695 915 1737 ad
947 1696 1114 1738 caelum
1145 1696 1282 1753 gloria
1313 1696 1456 1738 fertur.

333 1782 435 1809 nam
467 1781 565 1808 eum
598 1765 709 1807 vidit
740 1765 810 1806 hic
840 1765 894 1806 ad
927 1765 1091 1807 victum
1123 1780 1233 1821 quae
1265 1765 1433 1822 flagitat
1463 1780 1565 1808 usus

333 1836 478 1879 omnia
507 1836 594 1877 iam
626 1835 759 1877 ferme
791 1835 1046 1877 mortalibus
1077 1850 1168 1877 esse
1199 1841 1352 1891 parata
1777 1850 1827 1880 10

333 1911 389 1956 et,
418 1920 626 1961 proquam
658 1910 816 1960 posset,
847 1904 983 1946 vitam
1015 1905 1248 1947 consistere
1279 1911 1434 1956 tutam,

333 1974 498 2017 divitiis
529 1973 724 2016 homines
755 1980 799 2015 et
830 1973 989 2015 honore
1021 1979 1066 2016 et
1098 1974 1224 2016 laude
1255 1975 1447 2030 potentis

335 2043 509 2086 affluere
540 2049 672 2098 atque
703 2042 817 2084 bona
845 2048 1074 2100 gnatorum
1109 2043 1315 2086 excellere
1347 2045 1469 2095 fama,

334 2127 412 2154 nec
443 2112 587 2153 minus
619 2126 709 2154 esse
741 2112 857 2153 domi
888 2111 1091 2168 cuiquam
1123 2118 1271 2154 tamen
1301 2113 1429 2154 anxia
1460 2113 1595 2164 corda,

333 2188 465 2238 atque
495 2181 631 2223 animi
661 2180 845 2237 ingratis
876 2180 1011 2223 vitam
1045 2196 1199 2223 vexare
1230 2181 1318 2224 sine
1350 2183 1438 2225 ulla
1778 2195 1821 2237 15

333 2265 468 2308 pausa
497 2255 629 2306 atque
660 2249 830 2291 infestis
861 2250 980 2305 cogei
1011 2250 1174 2293 saevire
1206 2250 1418 2306 querellis,

262 2375 281 2408 1
297 2375 496 2417 frugiparos
511 2374 581 2407 AB.
623 2375 810 2416 fruyiseros
826 2375 856 2406 A
872 2384 958 2407 corr.
976 2375 1070 2407 Nice.
1087 2375 1158 2407 and
1173 2375 1259 2407 later
1274 2385 1357 2407 mss.
1375 2375 1445 2408 and
1460 2375 1528 2409 eds.
1548 2375 1662 2409 before
1677 2377 1774 2409 Wak.

260 2432 283 2463 4
304 2432 432 2464 solacia
447 2429 540 2462 Nice.
558 2430 612 2462 for
626 2431 740 2463 solaci.
871 2432 891 2464 7
915 2432 1057 2462 extincti
1074 2430 1162 2463 Mar.
1179 2430 1255 2464 Ald.
1278 2431 1296 2462 1
1312 2430 1410 2463 Junt.
1432 2431 1484 2462 for
1500 2433 1659 2464 extincta.
1787 2433 1828 2463 10

217 2487 412 2520 mortalibus
428 2485 523 2517 Nice.
539 2485 592 2517 for
609 2487 824 2517 acm-talibus.
952 2486 992 2516 11
1010 2495 1176 2526 proquam
1185 2490 1296 2527 posset
1311 2485 1416 2519 Lach.
1437 2486 1489 2518 for
1499 2496 1664 2527 proquam
1673 2491 1828 2527 possent:

218 2552 240 2574 a
259 2541 383 2582 simple
405 2539 475 2573 and
496 2540 627 2572 certain
650 2540 839 2572 correction
860 2540 896 2572 of
916 2550 937 2572 a
959 2540 1185 2572 much-vexed
1205 2551 1355 2582 passage.
1399 2551 1462 2583 per
1486 2552 1571 2583 quae
1586 2546 1719 2582 possent
1741 2541 1826 2573 Mar.

218 2597 346 2628 Avanc.
394 2594 543 2634 Madvig,
567 2593 725 2626 deceived
746 2594 791 2635 by
814 2594 896 2635 this,
924 2594 1145 2635 conjectured
1166 2595 1204 2626 in
1227 2595 1445 2628 Henriohsen
1468 2595 1510 2628 de
1536 2596 1621 2636 frag.
1648 2595 1743 2628 Gott.
1766 2606 1828 2636 per

219 2658 304 2689 quae
316 2651 449 2689 possent
464 2648 538 2678 vita
553 2657 582 2678 c.
600 2651 685 2678 tuta.
731 2645 852 2678 Lamb.
869 2647 939 2679 ancl
954 2647 1082 2679 Creech
1098 2647 1226 2679 obelise
1245 2647 1306 2680 the
1327 2658 1432 2680 verse.
1609 2649 1650 2679 13
1672 2649 1829 2680 excellere

220 2701 307 2733 Mar.
336 2699 413 2731 Ald.
441 2699 459 2730 1
483 2699 581 2731 Junt.
615 2699 667 2730 for
699 2701 843 2731 excolere
865 2700 895 2731 A
917 2699 1023 2739 Nice„
1051 2701 1209 2731 excollere
1232 2699 1273 2731 Β.
1330 2701 1485 2732 extollere
1516 2699 1606 2732 Flor.
1634 2700 1675 2731 31
1708 2699 1827 2732 Camb.

218 2756 320 2788 Pont.
455 2753 496 2784 14
519 2754 619 2785 corda
643 2753 730 2785 Mar.
746 2753 823 2785 Ald.
842 2755 860 2785 1
877 2754 975 2785 Junt.
995 2754 1048 2785 for
1068 2755 1172 2785 cordi.
1307 2754 1348 2785 15
1372 2754 1528 2794 querellis
1551 2753 1589 2785 of
1608 2763 1691 2784 mss.
1707 2753 1772 2785 has
1793 2754 1832 2785 of

218 2820 340 2844 course
359 2818 455 2842 come
476 2809 566 2840 from
589 2808 629 2840 16
653 2807 722 2840 and
741 2808 805 2840 has
829 2808 1036 2850 supplanted
1058 2808 1118 2840 the
1137 2808 1250 2840 words
1270 2809 1306 2841 of
1326 2809 1426 2841 Lucr.
1446 2807 1523 2840 who
1543 2811 1647 2840 wrote
1664 2810 1735 2840 sine
1755 2810 1830 2841 ulla

218 2867 334 2898 Pausa
364 2869 474 2904 atque.
524 2862 631 2895 Lach.
655 2863 788 2894 retains
815 2864 971 2904 querellis
997 2863 1078 2894 here
1100 2862 1170 2895 and
1192 2862 1229 2894 in
1254 2862 1295 2894 16
1318 2862 1417 2894 reads
1440 2863 1828 2903 Passimque...periclis.

218 2920 308 2960 coyez·
324 2917 444 2956 Lach.,
464 2918 538 2957 coyi
553 2916 687 2956 Lamb.‚
708 2916 837 2957 rightly
853 2917 905 2949 for
921 2921 1027 2956 coyet:
1052 2926 1073 2948 a
1088 2925 1248 2947 common
1263 2914 1461 2955 corruption
1477 2914 1514 2946 in
1530 2924 1593 2946 our
1608 2924 1690 2947 mss.
1739 2915 1825 2948 Mar.

218 2975 346 3006 Avanc.
371 2971 469 3003 Junt.
492 2973 631 3012 corrupt
653 2970 713 3003 the
735 2980 880 3012 passage
902 2970 1045 3011 greatly.
1097 2969 1221 3001 Lamb.
1245 2968 1402 3001 followed
1428 2968 1473 3010 by
1499 2968 1569 3002 Gif.
1595 2968 1732 3008 Greech,
1760 2971 1823 3003 etc.
