1997 3267
913 185 960 226 II
1687 193 1739 238 95

247 303 408 345 scilicet
441 317 530 344 0550
562 301 738 358 globosa
770 306 929 348 tamen,
960 314 1055 340 cum
1091 299 1286 354 squalida
1316 303 1527 348 constent,

246 371 436 427 provolvi
467 370 595 411 simul
629 375 678 411 ut
710 368 875 424 possint
907 374 951 409 et
982 366 1150 408 laedere
1181 381 1339 408 sensus.
1657 377 1743 418 470

246 445 291 481 et
322 453 406 494 quo
443 439 580 479 mixta
610 443 737 493 putes
768 436 905 491 magis
936 450 1086 491 aspera
1117 435 1284 476 levibus
1316 449 1406 475 esse

246 508 479 564 principiis,
511 507 625 548 unde
657 511 722 548 est
757 505 954 560 Neptuni
985 519 1137 560 corpus
1168 503 1383 553 acerbum,

245 582 312 619 est
343 578 453 618 ratio
484 575 756 627 secernendi;
798 589 1073 629 seorsumque
1106 573 1281 614 videndi

246 662 369 688 umor
399 646 546 696 11111015,
578 645 654 687 ubi
685 659 761 700 per
792 650 926 685 terras
957 643 1148 684 crebrius
1179 642 1294 684 idem

245 716 498 772 percolatur,
530 721 580 757 ut
611 715 656 756 in
689 714 855 755 foveam
888 713 996 754 fluat
1028 727 1077 754 ac
1110 716 1403 761 mansuescat;
1655 721 1736 763 475

246 785 404 841 linquit
435 785 551 826 enim
582 798 735 839 supera
768 783 897 824 taetri
929 782 1162 838 primordia
1193 781 1286 832 viri,

244 869 395 909 aspera
425 867 554 909 quom
587 851 725 907 magis
757 851 802 892 in
834 851 960 893 terris
992 851 1238 892 haerescere
1271 850 1445 906 possint.

304 923 428 976 Quod
460 922 661 978 quoniam
694 921 832 970 docui,
863 935 1038 976 pergam
1071 926 1291 962 conectere
1323 935 1413 962 rem
1445 934 1554 975 quae

244 1008 296 1036 ex
329 993 406 1035 hoe
438 998 541 1048 apta
572 992 701 1034 fidem
733 992 877 1040 ducat,
908 991 1141 1046 primordia
1170 1005 1314 1032 rerum

246 1062 370 1104 finita
402 1062 564 1103 variare
597 1061 833 1117 figurarum
866 1060 1042 1101 ratione.
1654 1058 1741 1109 480

245 1131 358 1187 quod
390 1131 426 1172 si
458 1145 542 1171 non
573 1130 635 1171 ita
667 1129 736 1179 sit,
768 1144 937 1171 rursum
970 1129 1055 1169 iam
1087 1127 1254 1169 semina
1283 1125 1494 1182 quaedam

244 1215 336 1243 esso
367 1200 537 1242 infinito
568 1199 790 1242 debebunt
821 1199 1006 1254 corporis
1037 1203 1180 1240 auctu.

244 1285 430 1325 namque
462 1270 507 1311 in
540 1269 702 1319 eodem,
734 1284 822 1310 una
853 1268 1042 1310 cuiusvis
1072 1267 1118 1308 in
1149 1266 1364 1308 brevitate

201 1390 203 1392 Ι
244 1339 429 1395 corporis
460 1338 575 1380 inter
605 1353 650 1380 se
682 1338 870 1379 multum
903 1337 1065 1378 variare
1096 1336 1259 1393 figurae

242 1422 326 1448 non
359 1412 563 1463 possunt:
605 1406 669 1447 fae
701 1406 817 1447 enim
850 1405 1041 1447 minimis
1072 1420 1095 1447 e
1126 1405 1322 1460 partibus
1354 1419 1446 1446 esse
1654 1405 1735 1457 485

244 1491 418 1532 corpora
448 1476 587 1532 prima
618 1476 771 1525 tribus,
804 1475 870 1517 vel
902 1476 1031 1531 paulo
1062 1475 1258 1531 pluribus
1289 1489 1423 1530 auge;

244 1560 398 1601 nempe
430 1545 506 1586 ubi
538 1560 609 1586 eas
640 1545 776 1601 partis
809 1545 937 1587 unius
969 1545 1154 1600 eorporis
1185 1544 1334 1594 omnis,

244 1627 413 1655 summa
444 1622 575 1669 atque
607 1614 696 1655 ima
726 1614 880 1663 locans,
913 1618 1207 1655 transmutans
1237 1613 1415 1654 dextera
1446 1612 1587 1662 laevis,

244 1683 501 1725 omnimodis
533 1689 738 1739 expertus
769 1684 862 1732 eris,
895 1698 1024 1738 quam
1057 1683 1239 1738 quisque
1271 1683 1345 1724 det
1376 1682 1477 1724 ordo

244 1751 395 1792 formai
425 1751 612 1807 speeiem
644 1751 779 1793 totius
810 1752 994 1807 corporis
1025 1751 1129 1800 eius,
1654 1763 1742 1804 490

245 1820 359 1876 quod
391 1826 598 1876 superest,
630 1821 666 1862 si
697 1821 805 1863 forte
837 1821 953 1863 voles
984 1821 1148 1862 variare
1179 1820 1350 1877 figuraS‚

245 1889 491 1931 addendum
522 1883 658 1945 partis
688 1890 793 1931 alias
825 1890 919 1939 erit,
950 1890 1051 1932 inde
1083 1895 1298 1945 sequetur,

130 2087 285 2119 followed
308 2087 351 2128 by
375 2088 423 2119 all
446 2087 517 2119 eds.
540 2087 654 2120 before
677 2087 783 2119 Laeh.
808 2086 941 2127 though
962 2087 1021 2119 the
1041 2089 1150 2119 mette
1170 2087 1201 2119 is
1221 2087 1364 2128 thereby
1384 2087 1540 2120 violated.
1677 2087 1741 2120 467

130 2144 193 2174 Est
209 2152 225 2173 e
250 2143 374 2174 levibns
401 2148 502 2183 atque
528 2144 669 2174 rutundi
696 2144 850 2174 admixta
879 2144 1001 2174 doloris
1028 2144 1175 2184 Corpora
1198 2153 1298 2175 mss:
1332 2153 1426 2175 some
1450 2144 1484 2175 of
1514 2143 1610 2175 these
1631 2143 1740 2174 words

129 2197 158 2229 it
173 2196 203 2229 is
218 2197 315 2237 plain
331 2196 418 2229 have
434 2207 530 2229 come
552 2198 640 2228 from
657 2197 720 2230 466
743 2197 813 2228 and
837 2197 1043 2237 supplanted
1064 2197 1122 2229 the
1138 2198 1248 2230 words
1271 2199 1308 2230 of
1328 2199 1427 2231 Luor.
1476 2200 1550 2236 Est,
1568 2202 1601 2229 et
1622 2197 1740 2229 levibu’

128 2258 206 2284 sunt
228 2253 366 2284 aliunde
390 2255 453 2284 etc.
477 2253 599 2284 Lach.:
625 2253 687 2284 but
708 2253 753 2284 he
776 2252 860 2284 adds
883 2258 1111 2293 ‘quamquam
1136 2253 1184 2285 sie
1208 2264 1342 2294 quoque
1365 2253 1585 2285 mirationem
1607 2253 1742 2285 faciunt

128 2306 188 2338 illa
209 2308 331 2338 doloris
357 2308 514 2347 Corpora,
537 2317 624 2347 quae
646 2309 728 2338 sunt
750 2307 941 2348 pungentia
965 2317 1086 2339 sensus
1108 2310 1142 2339 et
1163 2308 1376 2340 laedentia’:
1401 2308 1495 2348 quite
1516 2310 1612 2340 true:
1635 2308 1738 2340 Bern.

129 2360 227 2392 reads
243 2363 307 2393 Est
327 2366 359 2393 et
379 2363 538 2402 squalida
558 2367 635 2393 sunt
657 2363 729 2392 illis
751 2364 830 2402 etc„
850 2362 920 2394 and
941 2364 1099 2402 squalida
1120 2362 1243 2395 indeed
1264 2373 1373 2395 seems
1394 2372 1593 2403 necessary:
1618 2362 1635 2394 I
1655 2362 1742 2394 have

128 2416 297 2449 therefore
319 2417 455 2448 written
479 2419 554 2457 Est,
581 2422 613 2448 et
634 2419 794 2458 squalida
817 2419 924 2449 multa
952 2423 1067 2449 creant
1093 2419 1249 2450 admixta
1276 2420 1399 2451 doloris
1425 2420 1592 2459 Corpora:
1616 2418 1741 2450 doloris

129 2469 230 2509 being
252 2470 290 2501 of
309 2479 428 2501 course
450 2470 510 2501 the
533 2480 646 2502 accus.
671 2470 760 2511 plur.
897 2470 960 2502 468
984 2477 1180 2503 necessumst
1202 2471 1309 2504 Laeh.
1334 2473 1386 2504 for
1409 2483 1552 2505 necessu.
1678 2474 1741 2506 469

129 2529 277 2556 constent
300 2524 357 2555 old
383 2523 452 2557 eds.
480 2524 534 2556 for
557 2529 692 2556 constet.
827 2526 889 2558 471
914 2527 962 2556 Ec
986 2536 1051 2566 quo
1074 2525 1177 2558 Pont.
1202 2527 1288 2558 Mar.
1313 2527 1409 2560 Junt.
1439 2528 1492 2559 for
1514 2530 1562 2559 Et
1584 2529 1682 2568 quod.

172 2577 360 2610 471—477:
385 2576 429 2617 by
452 2586 472 2607 a
494 2576 605 2608 better
628 2578 857 2617 punctuation
882 2579 950 2610 and
974 2579 1017 2619 by
1040 2579 1205 2620 doubling
1228 2591 1293 2612 one
1315 2581 1415 2613 letter
1437 2581 1455 2612 I
1480 2581 1567 2613 have
1590 2581 1743 2613 rectified

128 2632 200 2664 this
223 2643 363 2673 passage
376 2645 385 2671 3
410 2634 473 2666 473
497 2633 514 2664 I
536 2632 624 2665 have
647 2634 766 2673 placed
790 2644 810 2665 a
834 2638 910 2674 stop
933 2636 1020 2666 after
1042 2638 1242 2673 secernendi,
1266 2636 1334 2667 and
1354 2636 1512 2668 removed
1533 2637 1610 2668 that
1630 2636 1741 2668 which

129 2688 176 2719 all
205 2688 333 2720 former
363 2688 489 2720 editors
519 2688 606 2721 have
636 2692 698 2730 put
730 2690 820 2722 after
849 2692 1000 2727 videndi,
1032 2691 1102 2722 and
1131 2692 1196 2725 477
1227 2691 1314 2724 have
1343 2692 1480 2724 written
1511 2702 1606 2732 quom
1635 2694 1741 2732 magyis

130 2742 182 2774 for
213 2753 275 2783 quo
305 2746 422 2784 71111913.
467 2743 573 2776 Lach.
607 2747 687 2784 puts
719 2745 782 2779 476
813 2745 928 2777 before
959 2747 1023 2779 474
1054 2746 1125 2778 and
1156 2747 1241 2779 then
1270 2748 1381 2779 leaves
1413 2757 1432 2779 a
1462 2751 1554 2779 most
1584 2747 1741 2779 involved

130 2800 297 2831 sentence.
507 2799 571 2832 474
595 2800 712 2832 dulcis.
764 2802 872 2832 dulcit
896 2801 965 2832 Gif.
990 2804 1053 2833 not
1075 2802 1216 2834 Lamb.:
1239 2803 1361 2836 Lamb.
1389 2803 1491 2843 keeps
1514 2805 1622 2835 dulcis
1644 2804 1694 2837 ed.
1722 2804 1741 2835 1

130 2852 199 2883 and
223 2853 261 2884 2:
284 2851 328 2884 he
350 2852 560 2893 conjectures
584 2855 716 2886 acerbus
741 2855 811 2886 and
835 2855 935 2887 reads
964 2857 1074 2888 dulcet
1096 2855 1149 2888 ed.
1174 2858 1206 2889 3.
1338 2857 1402 2891 477
1420 2859 1560 2898 possint.
1603 2863 1743 2899 possunt

129 2907 214 2939 Mar.
231 2907 329 2940 Junt.
345 2908 467 2939 Lamb.
484 2908 596 2948 vulgo.
697 2909 761 2941 483
779 2912 815 2941 in
831 2911 950 2950 eodem,
973 2921 1041 2942 una
1058 2910 1123 2942 Ed.
1141 2911 1194 2943 for
1208 2913 1246 2944 in
1262 2912 1375 2943 eadem
1390 2922 1468 2943 uua.
1514 2913 1627 2943 eadem
1641 2915 1741 2944 unius

129 2961 234 2994 Lach.
366 2963 430 2994 488
454 2967 679 2995 transmutans
702 2964 730 2995 B
754 2974 840 2996 corr.
865 2965 918 2996 for
945 2971 1159 2998 transmutas,
1292 2967 1357 3001 497
1379 2968 1505 2999 semina
1528 2967 1558 2998 A
1580 2977 1665 2999 corr.
1690 2968 1743 2999 for
