1997 3267
200 162 278 203 144
937 150 1008 190 111

306 257 518 300 interiisse
548 262 593 299 et
623 272 731 312 quae
762 272 876 299 nunc
907 263 971 299 est
1001 273 1115 299 nunc
1146 273 1236 300 esse
1267 264 1466 302 creatam.

364 327 588 369 Praeterea
617 327 653 368 si
683 328 768 367 iam
799 327 987 381 perfecto
1017 342 1187 383 corpore
1218 327 1339 369 nobis

307 397 453 439 inferri
482 396 646 438 solitast
675 395 808 436 animi
838 395 983 436 vivata
1012 402 1202 451 potestas
1697 399 1784 440 680

308 471 403 507 tum
433 479 528 506 cum
560 464 777 520 gignimur
807 468 851 504 et
881 464 995 504 vitae
1027 479 1123 505 cum
1156 465 1287 505 limen
1318 464 1489 515 inimus,

308 534 423 575 haud
452 533 515 575 ita
544 532 824 574 conveniebat
855 531 922 572 uti
952 546 1049 573 cum
1081 547 1251 587 corpore
1282 538 1326 574 61
1356 548 1443 574 11116

310 617 406 644 611111
436 601 635 643 membris
665 600 862 642 videatur
891 601 937 642 in
967 601 1058 656 ipso
1089 602 1297 657 sanguine
1329 616 1475 651 cresse,

309 671 383 712 sed
414 671 531 712 velut
561 669 605 710 in
635 683 761 710 cavea
791 683 867 723 per
897 683 941 710 se
972 669 1053 710 sibi
1084 669 1226 711 vivere
1257 669 1399 711 solam.

313 750 512 777 convnmrr
540 750 591 776 UT
620 749 740 775 SENSU
769 749 920 776 CORPUS
948 750 1087 775 TAMEN
1117 750 1303 776 AFFLUAT
1332 750 1442 776 OMNE
1696 740 1779 793 685

196 808 281 860 690
311 807 423 862 quod
453 806 544 848 fieri
575 812 714 847 totum
745 811 891 847 contra
921 807 1147 847 manifesta
1178 807 1300 849 docet
1330 822 1421 858 res3

310 890 494 931 namque
523 875 587 917 ita
615 889 772 916 conexa
802 880 867 915 est
897 889 973 929 per
1003 890 1131 916 venas
1163 875 1322 916 viscera
1352 890 1502 917 nervos

312 959 498 1000 ossaque,
529 944 595 985 uti
626 943 776 984 dentes
806 958 973 998 quoque
1004 958 1129 984 sensu
1161 943 1497 998 participentur3

311 1013 481 1054 morbus
511 1017 561 1053 ut
591 1012 751 1053 indicat
782 1016 825 1052 et
855 1011 1012 1067 gelidai
1042 1012 1227 1067 stringor
1256 1012 1384 1067 aquai

312 1086 357 1122 et
387 1080 494 1136 lapis
524 1094 758 1135 oppressus
789 1079 921 1120 subiit
952 1079 987 1120 si
1018 1094 1041 1120 e
1072 1079 1277 1135 frugibus,
1308 1094 1439 1134 asper.
1699 1082 1786 1134 690

199 1151 283 1192 686
313 1165 443 1205 quare
474 1149 602 1190 etiam
635 1155 764 1203 atque
795 1148 926 1189 etiam
957 1164 1095 1203 neque
1127 1148 1300 1203 originis
1331 1163 1422 1190 esse
1452 1149 1737 1204 putandumst

313 1217 499 1273 expertis
529 1216 692 1258 animas
723 1231 799 1257 nec
831 1216 907 1258 leti
937 1217 1029 1272 lege
1060 1217 1230 1258 solutas.

313 1301 411 1328 nam
442 1300 580 1340 neque
611 1290 732 1326 tanto
764 1299 887 1339 opere
919 1285 1089 1326 adnecti
1120 1285 1308 1340 potuisse
1339 1285 1622 1340 putandumst

199 1358 284 1409 689
314 1353 556 1409 corporibus
585 1352 742 1394 nostris
773 1352 1034 1394 extrinsecus
1065 1353 1318 1402 insinuatas,

313 1437 402 1472 nec,
432 1426 521 1462 tam
552 1426 774 1463 contextae
806 1435 903 1461 cum
934 1421 1030 1470 sint,
1062 1421 1176 1462 exire
1207 1421 1412 1463 videntur
1698 1421 1780 1475 695

313 1491 545 1533 incolumes
575 1505 694 1546 posse
726 1495 769 1531 et
800 1490 936 1531 salvas
967 1491 1178 1531 exsolvere
1208 1505 1299 1532 sese

314 1560 510 1602 omnibus
541 1575 563 1601 e
593 1559 733 1600 nervis
763 1564 892 1614 atque
923 1559 1087 1600 ossibus
1117 1559 1402 1615 articulisque.

315 1629 426 1684 quod
457 1629 493 1669 si
524 1629 629 1669 forte
661 1633 788 1683 putas
819 1628 1081 1669 extrinsecus
1112 1628 1374 1670 insinuatam

314 1711 561 1753 permanare
592 1697 778 1737 animam
809 1696 930 1737 nobis
960 1711 1036 1752 per
1067 1697 1258 1738 membra
1287 1698 1432 1748 solere,

316 1770 435 1806 tanto
466 1765 623 1819 quique
655 1765 790 1820 magis
821 1779 916 1805 cum
948 1779 1117 1819 corpore
1149 1765 1241 1806 fusa
1271 1765 1440 1820 peribit.
1701 1775 1786 1819 700

313 1833 426 1889 quod
456 1838 677 1887 permanat
708 1833 821 1874 enim
853 1832 1110 1882 dissolvitur,
1142 1833 1291 1874 interit
1322 1848 1431 1889 ergo.

315 1901 567 1956 dispertitus
598 1902 711 1942 enim
741 1915 817 1956 per
846 1901 988 1942 caulas
1019 1902 1200 1956 corporis
1231 1901 1367 1942 omnis

315 1976 366 2011 ut
396 1969 526 2019 cibus,
556 1969 601 2010 in
631 1969 821 2010 membra
851 1975 980 2024 atque
1011 1975 1129 2011 artus
1160 1985 1257 2010 cum
1288 1970 1453 2011 diditur
1483 1969 1630 2020 omnis,

315 2038 495 2093 disperit
525 2044 653 2093 atque
684 2038 811 2078 aliam
842 2044 1039 2079 naturam
1070 2039 1226 2080 sufficit
1258 2055 1309 2081 ex
1339 2054 1395 2089 se,

315 2106 374 2148 sic
404 2106 548 2147 anima
577 2111 706 2160 atque
736 2106 904 2147 animus
934 2107 1128 2162 quamvis
1158 2107 1327 2164 integra
1356 2122 1500 2149 recens
1529 2109 1576 2150 in
1702 2117 1783 2162 705

316 2188 465 2229 corpus
496 2179 612 2223 eunt,
642 2179 787 2215 tamen
818 2174 862 2215 in
893 2175 1104 2216 manando
1135 2176 1440 2226 dissoluuntur,

316 2241 417 2282 dum
449 2241 569 2296 quasi
598 2255 674 2296 per
704 2242 844 2282 caulas
874 2242 1011 2283 omnis
1041 2243 1249 2284 diduntur
1278 2243 1323 2284 in
1353 2249 1471 2285 artus

316 2310 548 2366 particulae
569 2311 734 2366 'quibus
765 2311 868 2353 haec
898 2312 1031 2353 animi
1061 2318 1216 2354 natura
1245 2318 1424 2364 creatur,

317 2394 424 2434 quae
456 2393 568 2420 nunc
598 2380 642 2420 in
673 2385 815 2421 nostro
845 2380 1090 2422 dominatur
1120 2396 1290 2436 corpore
1322 2389 1425 2423 nata

203 2504 254 2534 for
276 2504 317 2535 ab
341 2504 362 2536 l.
390 2505 528 2543 lonyius.
716 2504 777 2536 685
800 2504 920 2536 Lamb.
946 2504 1009 2536 has
1031 2507 1121 2537 most
1144 2506 1301 2546 properly
1323 2505 1486 2546 rejected:
1517 2505 1545 2537 it
1567 2505 1597 2537 is
1620 2505 1744 2546 clearly
1765 2514 1787 2539 a

203 2557 362 2590 sarcastic
387 2558 488 2598 gloss.
533 2558 637 2589 Lach.
665 2559 791 2590 retains
817 2559 844 2590 it
871 2559 938 2590 and
966 2559 1017 2590 for
1043 2561 1157 2599 affluat
1183 2560 1278 2591 reads
1302 2565 1434 2592 arceat:
1466 2570 1510 2592 an
1533 2561 1684 2600 unlikely
1706 2570 1786 2593 con-

201 2611 336 2652 jecture.
491 2612 659 2644 686—690
683 2612 877 2654 (690—694)
895 2626 902 2645 ε
932 2612 1036 2644 Lach.
1060 2623 1129 2645 was
1152 2613 1210 2645 the
1234 2613 1310 2646 first
1332 2615 1368 2645 to
1390 2616 1566 2654 transpose
1587 2615 1681 2646 these
1703 2625 1787 2655 ν55.;

202 2665 270 2696 and
293 2667 428 2704 strange
451 2664 478 2695 it
501 2664 530 2695 15
552 2664 595 2695 116
619 2665 741 2696 should
763 2665 850 2697 have
873 2666 956 2697 been
979 2666 1037 2697 the
1060 2666 1144 2698 first.
1347 2667 1409 2700 689
1454 2669 1599 2699 Morbus.
1657 2669 1788 2700 Morsus

201 2717 306 2749 Lach.
329 2717 427 2749 Bern.
455 2716 518 2749 Ed.
545 2717 716 2757 formerly.
858 2718 920 2751 690
943 2729 1121 2759 oppressu3,
1145 2721 1248 2751 subiit
1270 2722 1299 2752 si
1321 2729 1338 2751 e
1354 2721 1510 2760 frugibus
1532 2720 1632 2752 Bern.
1658 2719 1712 2752 for
1733 2730 1786 2761 op-

197 2781 327 2812 pressus
343 2772 462 2802 subitis
479 2781 494 2802 e
504 2772 670 2811 fruyibus.
716 2782 893 2811 eoepressuffi
909 2774 1039 2804 subiens
1056 2783 1071 2804 e
1081 2775 1130 2813 fr.
1147 2773 1251 2806 Lach.
1405 2774 1467 2806 702
1482 2774 1685 2814 Dispertitus
1701 2775 1788 2805 enim

202 2825 302 2858 Lach.
321 2826 373 2857 for
388 2827 583 2866 dispertitur
597 2836 682 2865 erqo.
727 2827 934 2867 Dispertitur
950 2828 1036 2858 enim
1051 2827 1149 2859 Pont.
1169 2827 1261 2859 Brix.
1279 2827 1354 2859 Ald.
1373 2828 1390 2858 1
1406 2827 1525 2859 Lamb.

244 2880 306 2913 705
334 2881 481 2921 quamvis
507 2881 637 2919 inteyra
664 2890 771 2911 recens
799 2882 836 2912 in
862 2881 945 2911 Mar.
975 2880 1049 2913 Ald.
1082 2882 1100 2912 1
1128 2881 1224 2912 Junt.
1255 2881 1307 2913 for
1332 2881 1483 2923 quamvis
1510 2885 1559 2912 est
1584 2882 1716 2921 integra
1737 2891 1786 2915 re-
