1997 3267
897 214 920 255 I
1632 219 1689 270 69

272 320 503 376 Linquitur
534 320 602 361 hic
634 319 842 375 quaedam
874 319 1076 360 latitandi
1107 319 1228 375 copia
1258 321 1410 369 tenvis,
1606 325 1686 376 875

210 388 255 431 id
286 390 398 445 quod
428 390 702 445 Anaxagoras
732 388 813 430 sibi
844 389 988 438 sumit,
1019 394 1070 430 ut
1101 389 1299 430 omnibus
1329 390 1467 432 omnis

212 472 278 499 res
307 464 433 513 putet
462 457 665 498 inmixtas
694 457 821 498 rebus
852 456 1036 506 latitare,
1067 458 1143 499 sed
1174 457 1282 499 illud

212 541 415 582 apparere
444 541 579 568 unum
611 525 732 567 cuius
762 525 849 566 sint
880 525 1066 581 plurima
1096 526 1236 567 mixta

213 602 258 637 et
288 594 422 650 magis
451 594 496 635 in
525 599 726 650 promptu
757 593 981 649 primaque
1012 594 1057 634 in
1087 594 1226 635 fronte
1258 594 1404 637 locata.

213 662 325 717 quod
357 667 502 703 tamen
532 676 558 703 a
587 675 687 702 vera
716 661 840 717 longe
871 661 1035 703 ratione
1066 663 1338 717 repulsumst.
1612 667 1696 708 880

213 729 491 772 conveniebat
522 729 634 771 enim
667 729 809 786 fruges
839 744 1008 785 quoque
1039 745 1177 785 saepe,
1208 731 1365 772 minaci

174 788 178 791 Δ
213 797 360 839 robore
391 812 487 839 cum
518 798 609 839 saxi
640 798 908 854 franguntur,
940 799 1113 840 mittere
1145 799 1315 855 signum

216 866 435 922 sanguinis
463 872 540 908 aut
570 866 744 922 aliquid,
775 873 918 908 nostro
949 882 1058 923 quae
1089 883 1261 923 corpore
1292 869 1477 911 aluntur.

102 936 181 986 885
215 934 424 976 consimili
452 934 614 976 ratione
646 934 788 976 herbis
819 950 987 990 quoque
1019 950 1144 990 saepe
1174 935 1366 985 decebat,

103 1005 187 1055 884
217 1018 312 1044 cum
345 1002 476 1058 lapidi
505 1003 551 1044 in
582 1002 767 1058 lapidem
799 1004 989 1053 terimus,
1021 1019 1192 1045 manare
1224 1019 1438 1046 cruorem:
1614 1006 1693 1058 885

217 1076 261 1113 et
291 1071 439 1113 latices
468 1071 604 1113 dulcis
634 1077 783 1128 guttas
813 1072 1028 1127 similique
1059 1087 1207 1128 sapore

217 1140 402 1190 mittere,
431 1140 645 1196 lanigerae
677 1141 794 1196 quali
825 1147 927 1183 sunt
958 1142 1087 1183 ubere
1119 1142 1253 1192 lactis,

217 1209 379 1250 scilicet
409 1214 454 1251 et
484 1209 621 1266 glebis
652 1214 862 1251 terrarum
893 1224 1019 1265 saepe
1050 1209 1188 1251 friatis

218 1277 445 1319 herbarum
475 1292 632 1334 genera
662 1284 707 1320 et
737 1279 882 1335 fruges
913 1279 1167 1334 frondesque
1198 1279 1335 1321 videri

217 1345 443 1401 dispertita
472 1347 581 1389 inter
611 1352 768 1389 terram
800 1348 971 1389 latitare
1002 1348 1182 1398 minute,
1617 1350 1702 1402 890

217 1422 432 1472 postremo
462 1416 508 1457 in
538 1416 667 1472 lignis
698 1415 883 1458 cinerem
914 1417 1167 1472 fumumque
1198 1416 1344 1466 videri,

218 1499 317 1527 cum
347 1486 584 1540 praefracta
615 1486 764 1535 forent,
795 1485 993 1542 ignisque
1025 1486 1157 1527 latere
1189 1486 1386 1528 minutos.

220 1568 400 1609 quorum
431 1554 492 1595 nil
523 1554 616 1596 fieri
647 1554 846 1610 quoniam
880 1554 1110 1596 manifesta
1139 1554 1263 1595 docet
1295 1570 1372 1604 res,

220 1621 325 1663 scire
356 1621 457 1663 licet
487 1637 573 1664 non
604 1637 693 1664 esse
724 1623 770 1663 in
800 1622 927 1664 rebus
958 1637 1025 1664 res
1054 1622 1118 1664 ita
1148 1624 1316 1673 mixtas,

220 1705 368 1732 verum
399 1691 562 1732 semina
591 1691 858 1733 multimodis
889 1692 1071 1733 inmixta
1102 1692 1234 1734 latere
1623 1695 1700 1745 895

222 1759 458 1801 multarum
488 1774 630 1800 rerum
662 1759 708 1800 in
737 1759 864 1801 rebus
895 1761 1139 1801 communia
1169 1761 1338 1803 debent.

280 1832 288 1847 ‘
306 1827 368 1868 At
399 1842 524 1883 saepe
554 1828 600 1868 in
631 1828 797 1884 magnis
828 1828 878 1869 fit
908 1829 1150 1870 montibus'
1183 1829 1327 1885 inquis
1357 1834 1432 1871 ‘ut
1462 1829 1560 1871 altis

222 1896 444 1937 arboribus
474 1895 614 1938 vicina
644 1897 866 1938 cacumina
896 1911 1065 1938 summa
1096 1903 1294 1939 terantur

222 1964 336 2005 inter
365 1979 421 2014 se,
452 1964 603 2006 validis
634 1965 769 2007 facere
800 1965 844 2006 id
875 1965 1128 2021 cogentibus
1159 1966 1328 2016 austris,

223 2033 357 2075 donec
386 2033 575 2075 flammai
606 2034 817 2075 fulserunt
849 2034 949 2075 flore
981 2039 1123 2075 coorto
1138 2035 1157 2076 '.
1622 2047 1709 2089 900

223 2101 385 2144 scilicet
415 2107 459 2143 et
488 2117 574 2143 non
605 2107 672 2143 est
703 2102 831 2158 lignis
861 2108 1009 2143 tamen
1039 2102 1194 2144 insitus
1225 2102 1348 2158 ignis,

224 2184 372 2211 verum
402 2169 566 2211 semina
595 2175 697 2211 sunt
727 2169 887 2211 ardoris
917 2171 1068 2220 multa,
1098 2171 1275 2212 terendo

224 2253 333 2295 quae
363 2254 461 2281 cum
492 2239 744 2290 confluxere,
775 2245 921 2281 creant
952 2240 1150 2281 incendia
1180 2240 1307 2281 silvis.

108 2375 305 2406 exoriuntur
326 2373 410 2406 with
432 2374 524 2406 Flor.
549 2375 588 2406 31
614 2374 731 2406 Camb.
755 2376 819 2406 etc.
988 2375 1050 2407 882
1074 2385 1147 2407 cum
1168 2378 1244 2406 saxi
1269 2376 1355 2407 Mar.
1379 2375 1455 2407 Ald.
1481 2376 1499 2406 1
1523 2376 1617 2408 Junt.
1645 2376 1710 2406 etc.

110 2428 163 2459 for
184 2438 257 2460 cum
278 2429 317 2460 in
338 2430 425 2460 saxi.
557 2429 620 2460 884
643 2430 706 2460 885
729 2429 856 2470 rightly
879 2429 1081 2470 transposed
1104 2430 1148 2470 by
1170 2430 1212 2461 N.
1229 2430 1266 2461 P.
1289 2429 1461 2463 Howard;
1494 2439 1547 2461 see
1570 2432 1668 2460 notes
1691 2430 1710 2459 2

110 2482 163 2514 for
183 2483 404 2524 explanation
427 2483 465 2515 of
485 2483 543 2515 the
564 2484 674 2515 whole
699 2493 841 2524 passage
867 2484 904 2515 in
931 2483 1042 2515 which
1068 2483 1172 2515 much
1199 2483 1352 2515 needless
1379 2483 1510 2523 change
1537 2483 1600 2515 has
1627 2483 1712 2515 been

110 2537 227 2569 made:
266 2538 330 2569 884
355 2539 393 2569 in
423 2547 488 2570 om.
516 2538 602 2570 Mar.
626 2538 724 2570 Junt.
748 2541 811 2570 etc.
838 2540 956 2576 ‘recte,
980 2540 1019 2570 ut
1048 2541 1143 2579 puto,
1170 2538 1236 2570 etsi
1265 2548 1326 2570 cur
1356 2538 1473 2570 addita
1505 2537 1550 2569 sit
1580 2539 1707 2578 [praep.

112 2591 160 2630 in]
176 2599 247 2622 non
263 2590 424 2631 intellego
436 2592 443 2605 ’
459 2591 565 2623 Lach.
713 2594 847 2625 terimus
863 2592 956 2624 Nicc.
973 2593 1026 2624 for
1041 2597 1195 2625 tenemus.
1342 2593 1405 2625 885
1428 2593 1545 2624 herbis.
1595 2593 1712 2623 herbas

111 2645 196 2677 Mar.
220 2645 296 2677 Ald.
322 2646 339 2675 1
363 2646 459 2678 Junt.
482 2645 588 2677 Lach.
612 2646 723 2686 vulgo.
895 2647 958 2678 886
986 2648 1113 2678 latices.
1162 2648 1274 2678 laticis
1297 2647 1388 2678 Flor.
1414 2647 1454 2678 31
1479 2646 1595 2677 Camb.
1620 2645 1712 2685 vulg.

110 2698 213 2731 Lach.
236 2699 397 2740 wrongly.
631 2702 693 2733 887
724 2702 820 2741 quali
850 2700 891 2738 Β,
916 2702 1027 2741 qualis
1057 2701 1096 2740 A,
1124 2702 1237 2742 quales
1267 2701 1296 2732 A
1326 2710 1409 2732 corr.
1434 2700 1525 2732 Nicc.
1553 2699 1644 2732 Flor.
1671 2699 1712 2730 31

111 2752 228 2786 Camb.
359 2755 467 2785 ubere.
512 2755 615 2786 ubera
636 2754 777 2787 Lamb.:
807 2755 867 2787 the
890 2757 985 2786 exact
1007 2755 1147 2795 reading
1169 2755 1198 2787 is
1222 2755 1409 2787 uncertain.
1538 2755 1602 2786 890
1624 2755 1715 2786 inter

111 2812 233 2840 terram
247 2806 350 2840 Lach.
370 2808 445 2840 first
460 2807 514 2840 for
527 2810 565 2840 in
583 2813 724 2840 terram:
749 2809 842 2841 older
857 2809 984 2841 editors
999 2809 1086 2841 have
1100 2809 1288 2841 blundered
1305 2809 1490 2849 strangely.

154 2861 217 2894 893
247 2870 298 2892 res
329 2860 438 2893 added
467 2862 511 2902 by
540 2861 632 2893 Nico.
663 2862 692 2892 Β
724 2872 808 2895 corr.
842 2865 905 2895 etc.
1130 2864 1193 2895 900
1215 2864 1369 2904 flammai
1399 2862 1500 2893 Pont.
1531 2862 1629 2893 Junt.
1660 2861 1715 2893 for

103 2913 282 2953 flammae:
321 2923 342 2946 a
372 2914 493 2955 simple
523 2916 723 2953 correction,
754 2918 810 2955 yet
841 2916 1042 2948 overlooked
1071 2916 1116 2956 by
1145 2926 1250 2956 many
1281 2917 1318 2947 of
1352 2916 1411 2947 the
1447 2916 1534 2946 later
1567 2914 1713 2946 editors:

112 2976 195 2998 even
231 2967 375 3007 Nauger.
408 2967 472 2999 has
509 2967 588 3000 here
626 2969 779 3001 deserted
815 2970 911 3002 Junt.
952 2969 1022 3001 and
1058 2969 1156 3001 reads
1189 2971 1361 3010 fulserunt
1391 2971 1547 3010 fiammae
1579 2969 1712 3008 fulqore
