1997 3267
154 184 233 224 126
928 182 1001 223 III

262 287 472 344 quidquid
502 287 551 330 id
581 293 657 338 est,
689 288 901 331 habeant:
943 295 994 331 tu
1025 294 1169 331 cetera
1198 289 1370 346 percipe
1400 291 1527 334 dicta.
1679 304 1752 348 135

322 356 452 399 Nunc
482 357 676 398 animum
707 363 839 413 atque
869 358 1059 400 animam
1090 358 1185 400 dico
1216 359 1444 401 coniuncta
1474 360 1613 403 teneri

262 425 377 467 inter
406 440 451 467 se
482 431 613 481 atque
643 441 775 468 unam
805 432 1006 468 naturam
1037 427 1242 469 conficere
1273 442 1326 469 ex
1357 443 1413 478 se,

263 491 338 533 sed
369 497 500 547 caput
531 506 621 533 esse
653 491 776 548 quasi
807 497 851 534 et
883 492 1095 534 dominari
1124 493 1170 535 in
1201 508 1373 549 corpore
1403 499 1496 536 toto

261 560 487 601 consilium
518 560 630 615 quod
661 575 738 602 nos
769 560 962 602 animum
994 567 1270 617 mentemque
1301 576 1512 606 vocamus.

261 628 390 684 idque
421 628 554 670 situm
586 628 729 670 media
758 629 931 685 regione
961 629 1008 670 in
1037 629 1221 685 pectoris
1252 630 1410 673 haeret.
1680 645 1761 686 140

263 694 333 735 hic
365 694 534 736 exultat
565 694 681 736 enim
712 709 843 750 pavor
874 710 923 737 ac
953 702 1108 746 metus,
1139 696 1244 738 haec
1275 696 1366 738 loca
1395 697 1555 738 circum

263 763 455 805 laetitiae
487 764 703 816 mulcent3
748 764 818 806 hic
849 780 949 822 ergo
979 781 1101 807 mens
1131 765 1440 822 animusquest.

263 835 406 871 cetera
435 844 534 886 pars
565 831 733 873 animae
764 846 841 887 per
871 837 1014 873 totum
1045 832 1197 874 dissita
1227 847 1378 888 corpus

263 902 387 951 paret
418 903 463 939 et
493 898 548 939 ad
578 913 741 939 numen
772 898 930 940 mentis
961 914 1217 955 momenque
1248 905 1457 942 movetur.

265 964 395 1020 idque
427 965 509 1007 sibi
539 966 677 1007 solum
708 981 785 1022 per
815 982 858 1009 se
890 967 1015 1023 sapit,
1046 968 1093 1009 id
1123 967 1206 1009 sibi
1235 967 1410 1024 gaudet,
1680 981 1755 1024 145

263 1048 361 1075 cum
392 1049 531 1091 neque
562 1050 629 1077 res
660 1036 848 1077 animam
879 1052 1020 1092 neque
1051 1052 1203 1093 corpus
1235 1044 1474 1080 commovet
1505 1054 1600 1081 una.

264 1110 308 1145 et
338 1105 472 1160 quasi,
502 1120 600 1146 cum
631 1111 762 1160 caput
792 1112 870 1148 aut
901 1107 1048 1149 oculus
1079 1113 1324 1163 temptante
1355 1108 1498 1151 dolore

264 1174 452 1217 laeditur
482 1175 527 1216 in
557 1175 693 1225 nobis,
724 1190 811 1217 non
841 1176 958 1217 omni
990 1176 1311 1218 concruciamur

265 1257 449 1298 corpore,
480 1244 541 1285 sic
571 1244 740 1285 animus
771 1259 1095 1300 nonnumquam
1128 1245 1315 1287 laeditur
1344 1245 1436 1302 ipse

263 1311 516 1368 laetitiaque
547 1313 676 1369 viget,
708 1328 807 1354 cum
837 1320 980 1355 cetera
1010 1329 1107 1370 pars
1137 1314 1298 1356 animai
1681 1328 1761 1369 150

264 1395 339 1436 per
370 1382 561 1423 membra
591 1388 723 1438 atque
753 1388 874 1424 artus
903 1383 1023 1425 nulla
1052 1384 1246 1426 novitate
1277 1384 1424 1426 cietur.

264 1466 413 1492 verum
444 1451 520 1493 ubi
551 1452 742 1493 vementi
773 1451 909 1507 magis
939 1458 1006 1494 est
1036 1459 1250 1495 commota
1280 1459 1400 1496 metu
1432 1469 1565 1506 mens,

265 1520 505 1561 consentire
535 1520 724 1562 animam
756 1526 894 1562 totam
924 1536 1001 1577 per
1031 1522 1224 1563 membra
1255 1522 1450 1565 videmus

267 1589 526 1645 sudoresque
558 1590 621 1632 ita
650 1590 943 1647 palloremque
975 1591 1159 1633 existere
1191 1598 1283 1634 toto

266 1673 438 1714 corpore
470 1664 515 1701 et
545 1659 722 1716 infringi
754 1659 947 1716 linguam
978 1675 1212 1716 vocemque
1242 1661 1410 1711 aboriri,
1679 1673 1755 1717 155

265 1727 448 1783 caligare
480 1728 634 1777 oculos,
665 1743 813 1770 sonere
845 1728 971 1779 auris,
1002 1729 1218 1771 succidere
1249 1736 1381 1780 artus,

265 1796 451 1852 denique
482 1797 702 1839 concidere
734 1812 787 1839 ex
817 1798 952 1839 animi
983 1804 1142 1840 terrore
1173 1799 1370 1841 videmus

265 1879 392 1921 saepe
424 1865 646 1918 homines;
682 1866 805 1908 facile
836 1872 886 1908 ut
919 1867 1059 1923 quivis
1090 1867 1189 1909 hinc
1220 1883 1391 1910 noscere
1422 1870 1557 1925 possit

265 1948 355 1976 esse
385 1935 575 1976 animam
606 1950 703 1977 cum
736 1936 880 1978 animo
911 1936 1195 1986 coniunctam,
1227 1952 1337 1993 quae
1367 1953 1465 1980 cum
1497 1940 1631 1981 animi
1661 1941 1703 1983 vi

264 2010 516 2060 percussast,
549 2005 662 2046 exim
694 2020 846 2060 corpus
876 2005 1078 2061 propellit
1109 2011 1154 2047 et
1184 2005 1271 2048 icit.
1681 2010 1762 2051 160

325 2073 445 2114 Haec
477 2073 627 2114 eadem
657 2073 768 2115 ratio
798 2079 998 2114 naturam
1029 2073 1164 2114 animi
1193 2079 1325 2129 atque
1355 2074 1516 2117 animai

265 2156 508 2196 corpoream
539 2142 663 2183 docet
694 2156 811 2193 esse3
852 2142 928 2184 ubi
959 2142 1074 2184 enim
1105 2143 1340 2198 propellere
1370 2145 1575 2196 membra,

265 2211 474 2266 corripere
505 2225 558 2252 ex
589 2226 736 2253 somno
767 2227 920 2267 corpus
950 2217 1204 2268 mutareque
1235 2213 1407 2255 vultum

265 2285 395 2334 atque
427 2279 644 2321 hominem
674 2285 818 2321 totum
848 2295 994 2336 regere
1025 2295 1073 2321 ac
1104 2295 1270 2322 versare
1303 2281 1485 2333 videtur,

266 2363 446 2404 quorum
476 2349 538 2389 nil
569 2349 662 2390 fieri
692 2349 784 2391 sine
815 2355 936 2391 tactu
967 2364 1090 2405 posse
1121 2349 1318 2392 videmus
1677 2356 1751 2407 165

264 2432 343 2458 nec
373 2423 539 2459 tactum
570 2432 694 2473 porro
724 2418 816 2460 sine
848 2434 1032 2474 corpore,
1063 2434 1205 2461 nonne
1237 2420 1508 2463 fatendumst

267 2501 465 2542 corporea
494 2493 652 2528 natura
681 2488 877 2530 animum
907 2494 1102 2530 constare
1133 2489 1440 2546 animamque?

265 2562 488 2611 praeterea
517 2557 678 2611 pariter
708 2558 832 2613 fungi
862 2573 960 2600 cum
990 2573 1161 2614 corpore
1193 2564 1237 2601 et
1267 2574 1354 2600 una

266 2625 505 2667 consentire
535 2625 729 2667 animum
760 2627 883 2668 nobis
913 2627 959 2668 in
989 2642 1160 2683 corpore
1192 2627 1339 2671 cernis.

153 2781 209 2813 the
232 2782 289 2814 old
310 2783 456 2823 vulgate.
618 2786 679 2816 135
702 2787 740 2817 id
763 2786 872 2819 added
893 2787 939 2828 by
961 2787 1052 2820 Flor.
1076 2789 1117 2820 31
1142 2788 1260 2821 Camb.
1421 2791 1482 2822 145
1506 2791 1606 2831 sapit,
1630 2792 1669 2824 id
1689 2794 1756 2825 sibi

152 2835 250 2867 Wak.
275 2837 326 2868 for
347 2839 438 2877 sapit
460 2839 538 2869 sibi.
597 2841 688 2879 sapit
711 2845 743 2871 et
765 2842 830 2872 sibi
853 2841 946 2873 Nico.
970 2842 1060 2882 vulg.
1253 2843 1316 2874 154
1338 2845 1390 2876 ita
1408 2845 1636 2885 palloremque
1661 2846 1755 2880 Nico.

154 2889 235 2922 Mar.
264 2894 327 2922 etc.
352 2891 403 2922 for
425 2893 540 2932 itaque
558 2894 731 2933 pallorem.
778 2896 893 2935 itaque
917 2901 950 2927 et
967 2898 1132 2936 pallorem
1154 2896 1274 2930 Lamb.
1302 2900 1365 2930 etc.
1503 2899 1565 2931 159
1588 2901 1694 2932 animi
1717 2904 1754 2934 vi

153 2943 237 2976 Ven.
262 2945 347 2975 Mar.
371 2945 447 2979 first
468 2946 522 2979 for
543 2948 672 2981 animi:
695 2948 801 2982 Lach.
828 2950 860 2980 is
881 2959 1021 2990 wrong:
1043 2951 1134 2983 Flor.
1161 2951 1202 2982 31
1226 2951 1327 2983 reads
1349 2953 1487 2985 animai.
1538 2952 1616 2984 Ver.
1633 2963 1700 2985 om.
1718 2957 1755 2988 vi
