1997 3267
906 215 972 258 VI
1661 228 1739 269 291

250 332 409 379 finibus
439 330 485 373 in
516 329 717 386 Cecropis
748 329 939 371 funestos
970 328 1159 370 reddidit
1189 343 1314 384 agros

250 401 524 456 vastavitque
556 400 655 448 vias,
688 398 888 440 exhausit
919 398 1085 439 civibus
1117 398 1279 440 urbem.
1636 409 1744 449 1140

251 486 351 514 nam
382 470 556 526 penitus
587 469 762 510 veniens
793 468 983 523 Aegypti
1016 467 1173 509 finibus
1203 475 1332 517 ortus,

251 555 351 582 aera
380 553 630 596 permensus
662 537 849 578 multum
881 551 1138 592 camposque
1168 536 1371 585 natantis,

250 608 450 651 incubuit
481 607 656 648 tandem
688 605 846 662 populo
878 605 1109 647 Pandionis
1139 605 1293 655 omnei,

251 677 351 720 inde
383 676 635 719 catervatim
669 675 814 717 morbo
847 675 1060 730 mortique
1092 674 1320 718 dabantur.

252 746 461 803 principio
491 750 622 800 caput
652 744 875 785 incensum
908 744 1068 784 fervore
1099 744 1310 799 gerebant
1635 752 1738 795 1145

252 823 297 859 et
327 815 510 871 duplicis
541 814 683 856 oculos
713 814 876 855 suffusa
907 813 1000 854 11100
1032 812 1245 855 rubentes.

253 885 469 927 sudabant
501 884 632 926 etiam
666 884 809 925 fauces
840 883 1097 925 intrinsecus
1127 889 1246 924 atrae

252 954 462 1011 sanguine
494 959 539 996 et
570 952 784 995 ulceribus
815 952 929 993 vocis
961 952 1031 993 via
1061 959 1212 1008 saepta
1242 952 1383 995 coibat

255 1032 386 1081 atque
418 1024 551 1066 animi
583 1024 795 1079 interpres
826 1023 1030 1065 manabat
1063 1024 1210 1080 lingua
1239 1039 1385 1067 cruore

252 1094 481 1136 debilitata
511 1094 647 1143 malis,
678 1099 798 1135 motu
829 1094 983 1148 gravis,
1014 1108 1163 1148 aspera
1196 1100 1326 1136 tactu.
1637 1105 1746 1146 1150

252 1164 354 1206 inde
386 1163 460 1205 ubi
491 1178 567 1219 per
597 1163 740 1205 fauces
771 1170 922 1218 pectus
953 1163 1187 1218 complerat
1217 1169 1262 1205 et
1293 1164 1434 1219 ipsum

254 1230 448 1273 morbida
479 1230 541 1272 vis
572 1230 616 1271 in
648 1245 719 1271 cor
749 1236 962 1271 maestum
994 1230 1259 1271 confluxerat
1289 1229 1438 1286 aegris,

253 1300 398 1343 omnia
428 1305 522 1341 tum
554 1314 652 1341 vero
685 1298 791 1340 vitai
822 1298 1008 1340 claustra
1040 1298 1253 1340 lababant.

253 1370 434 1426 spiritus
464 1384 534 1411 ore
567 1370 677 1411 foras
708 1375 898 1411 taetrum
933 1368 1130 1410 volvebat
1161 1368 1345 1417 odorem,

254 1439 428 1481 rancida
459 1455 542 1494 quo
574 1439 768 1495 perolent
799 1439 988 1494 proiecta
1019 1438 1225 1481 cadavera
1255 1439 1354 1480 ritu.
1639 1448 1742 1490 1155

253 1514 385 1564 atque
416 1508 550 1550 animi
582 1523 776 1563 prorsum
810 1514 899 1550 tom
931 1508 1040 1549 vires
1072 1508 1219 1557 totius,
1250 1521 1375 1548 omne

256 1577 490 1634 languebat
520 1591 672 1632 corpus
703 1576 779 1618 leti
811 1577 895 1618 iam
930 1577 1076 1618 limine
1107 1576 1153 1618 in
1184 1576 1286 1632 ipso.

255 1645 684 1700 intolerabilibusque
718 1646 842 1687 malis
873 1652 966 1688 erat
996 1645 1151 1687 anxius
1182 1660 1315 1701 angor

255 1715 435 1757 adsidue
466 1729 606 1756 0011105
637 1722 681 1756 et
711 1715 879 1770 gemitu
911 1715 1146 1756 commixta
1176 1714 1377 1770 querella.

256 1783 558 1839 singultusque
590 1783 790 1838 frequens
821 1789 991 1825 noctem
1022 1798 1099 1838 per
1128 1798 1254 1840 saepe
1286 1783 1486 1839 diemque
1638 1784 1748 1824 1160

256 1853 466 1908 corripere
496 1852 675 1894 adsidue
706 1867 860 1894 nervos
891 1859 936 1894 et
968 1853 1160 1894 membra
1189 1858 1387 1895 coactans

257 1920 521 1962 dissoluebat
552 1935 633 1970 eOS,
664 1920 850 1962 defessos
881 1926 993 1970 ante,
1025 1921 1220 1977 fatigans.

256 2005 334 2032 nec
364 1990 498 2032 nimio
528 1990 728 2045 cuiquam
761 2005 904 2046 posses
934 1990 1083 2032 ardore
1114 1991 1228 2032 tueri

256 2059 442 2116 corporis
471 2059 517 2101 in
547 2074 714 2101 summo
745 2075 957 2102 summam
990 2060 1220 2102 fervescere
1252 2065 1432 2116 partem,

257 2129 332 2171 sed
362 2129 506 2185 potius
537 2129 733 2185 tepidum
765 2129 966 2171 manibus
996 2144 1229 2185 proponere
1259 2135 1425 2171 tactum
1639 2131 1743 2182 1165

258 2205 303 2240 et
333 2198 462 2239 simul
492 2198 707 2240 ulceribus
739 2199 860 2254 quasi
891 2198 1048 2240 inustis
1079 2213 1204 2240 omne
1235 2198 1389 2240 rubere

258 2282 422 2324 corpus,
453 2273 504 2309 ut
535 2274 601 2309 est
631 2283 706 2323 per
737 2267 931 2309 membra
960 2282 1078 2310 sacer
1108 2267 1214 2309 dum
1244 2267 1410 2309 diditur
1438 2266 1562 2323 ignis.

257 2337 414 2380 intima
443 2352 541 2394 pars
571 2337 795 2379 hominum
827 2352 925 2379 vero
956 2337 1165 2394 flagrabat
1195 2336 1251 2379 ad
1281 2351 1385 2387 ossa,

142 2501 253 2529 aestus
267 2496 417 2529 Macrob.
435 2498 498 2529 sat.
513 2506 549 2529 vx
565 2497 585 2528 2
602 2498 632 2534 7,
649 2497 747 2530 Pont.
770 2497 844 2529 Ald.
864 2498 881 2528 1
898 2498 996 2529 Junt.
1012 2497 1134 2529 Lamb.
1157 2498 1210 2529 for
1230 2499 1382 2539 mortifer
1397 2506 1453 2530 ae:
1476 2496 1536 2529 the
1551 2496 1619 2530 last
1634 2498 1752 2530 letters

143 2551 270 2593 having
285 2551 436 2593 dropped
451 2553 522 2583 out.
567 2553 720 2594 mortifer
740 2562 799 2584 aer
818 2552 938 2584 Lamb.
961 2551 998 2583 ‘m
1021 2555 1134 2584 notes.
1178 2553 1366 2593 mortiferai
1388 2551 1507 2583 Camb.
1531 2551 1640 2584 morti’
1656 2553 1752 2594 ferai

142 2606 248 2640 Lach.
264 2606 341 2639 who
355 2607 386 2638 is
400 2606 485 2638 then
500 2605 619 2638 driven
636 2609 672 2638 to
686 2606 767 2638 read
783 2607 820 2638 in
838 2607 921 2638 1141
938 2608 1065 2639 morbus
1081 2607 1134 2639 for
1149 2612 1241 2638 ortus
1255 2619 1263 2639 :
1286 2617 1381 2639 orcus
1397 2607 1523 2639 Avanc.

188 2662 273 2695 1139
294 2663 333 2694 in
357 2662 510 2702 Cecropis
534 2661 684 2693 Macrob.
708 2661 771 2692 1.1.
795 2661 886 2693 Flor.
910 2661 950 2692 31
976 2661 1092 2694 Camb.
1120 2661 1222 2693 Pont.
1246 2661 1343 2692 Junt.
1367 2661 1420 2693 for
1441 2663 1480 2693 in
1504 2662 1668 2702 Cecropit.
1713 2663 1752 2695 in

146 2717 314 2757 Cecropiis
329 2715 359 2747 A
373 2724 459 2747 corr.
476 2715 569 2747 Nice.
615 2715 751 2747 Finibu'
770 2716 937 2756 Cecropiis
952 2714 1073 2747 Lamb.
1293 2715 1376 2747 1143
1392 2717 1499 2747 omnei
1513 2715 1618 2748 Lach.
1663 2719 1753 2750 omni

143 2771 268 2804 Marul.
284 2770 413 2802 Avano.
436 2769 489 2801 for
508 2779 633 2802 omnem
652 2769 682 2801 A
701 2768 795 2801 Nice.
842 2779 932 2801 omne
955 2769 996 2800 B.
1042 2778 1150 2800 omnes
1177 2768 1269 2800 Unde
1290 2768 1404 2807 sunt„
1421 2779 1528 2801 omnes
1550 2770 1634 2802 Inde
1654 2771 1748 2806 Brix.

143 2827 286 2867 Nauger.
305 2824 425 2857 Lamb.
445 2826 508 2856 etc.
729 2824 814 2858 1147
829 2829 932 2856 atrae.
983 2828 1056 2856 atro
1069 2824 1147 2855 Vat.
1165 2824 1228 2856 640
1244 2823 1366 2857 Urbin.
1383 2824 1460 2856 Ald.
1479 2824 1496 2855 1
1513 2824 1608 2858 Junt.
1628 2825 1750 2859 Lamb.

144 2885 238 2912 artae
253 2888 337 2910 mss.
354 2879 387 2910 01
405 2878 554 2910 Macrob.
570 2887 606 2910 v1
621 2879 640 2909 2
657 2880 688 2911 9.
825 2878 909 2910 1156
925 2882 994 2910 tum
1009 2878 1118 2910 added
1133 2878 1177 2920 by
1186 2878 1284 2910 Wak.
1299 2879 1386 2910 after
1395 2889 1558 2919 prorsum.
1603 2880 1692 2913 Flor.
1709 2882 1751 2914 31

144 2934 222 2966 Ver.
238 2933 323 2965 Ven.
342 2933 431 2973 vulg.
452 2932 519 2964 add
534 2937 567 2964 et
582 2931 695 2963 before
710 2942 813 2970 omne,
829 2932 978 2972 perhaps
998 2931 1136 2972 rightly.
1271 2932 1353 2964 1165
1365 2933 1480 2973 potius
1497 2932 1619 2967 Marul.
1638 2934 1715 2967 AJd.
1732 2936 1750 2968 1

145 2988 242 3021 Junt.
257 2987 310 3019 for
326 2988 438 3019 totius.
571 2986 655 3018 1167
671 2987 757 3019 dum.
807 2996 880 3018 cum
894 2986 924 3017 A
939 2995 1024 3018 corr.
1041 2986 1134 3018 Nico.
1150 2986 1239 3026 vulg.
1259 2986 1372 3018 before
1386 2985 1492 3019 Lach.
