1997 3267
166 141 244 181 186
927 135 990 176 IV

273 243 436 286 scilicet
466 248 559 285 arte
590 242 767 284 madent
798 241 1025 283 simulacra
1056 247 1100 283 et
1130 241 1257 283 docta
1288 248 1512 298 vagantur,

271 317 481 354 nocturno
513 311 650 353 facere
682 316 731 351 ut
762 309 928 365 possint
959 310 1005 351 in
1036 315 1229 365 tempore
1262 309 1392 351 ludos.

271 395 327 423 an
358 379 496 437 magis
526 379 633 421 illud
666 378 748 420 erit
779 381 961 419 verum?
1002 378 1104 434 quia
1135 383 1328 433 tempore
1360 378 1404 419 in
1436 393 1534 429 uno,

273 464 370 491 cum
401 448 614 491 sentimus
645 447 699 496 id,
733 453 777 488 et
808 462 907 488 cum
938 461 1019 488 vox
1051 446 1270 488 emittitur
1300 461 1399 496 una,
1680 457 1761 501 795

275 524 467 574 tempora
498 517 637 558 multa
668 516 818 565 latent,
850 515 960 557 ratio
992 530 1101 571 quae
1133 515 1342 570 comperit
1374 529 1477 566 esse,

273 592 501 643 propterea
532 585 582 627 fit
612 585 680 626 uti
712 584 862 640 quovis
893 585 938 625 in
969 590 1162 640 tempore
1194 598 1390 640 quaeque

274 661 444 712 praesto
476 656 563 697 sint
595 655 824 696 simulacra
855 654 957 696 locis
987 654 1033 696 in
1063 654 1245 710 quisque
1278 659 1439 709 parata.

276 731 320 767 et
350 725 453 781 quia
484 724 631 766 tenvia
661 730 775 773 sunt,
806 723 890 765 nisi
921 738 1030 779 quae
1062 723 1297 773 contendit,
1328 729 1455 765 acute
1685 727 1765 767 802

275 809 447 836 cernere
478 809 563 835 non
596 793 710 848 potis
742 799 807 835 est
838 793 1033 844 animus3
1075 791 1251 848 proinde
1282 791 1426 833 omnia
1457 806 1566 848 quae
1597 799 1699 834 sunt

275 871 499 922 praeterea
529 870 724 921 pereunt,
756 863 839 905 nisi
869 863 1019 919 siquae
1051 862 1105 904 ad
1137 877 1181 904 se
1212 862 1304 918 ipse
1335 862 1515 918 paravit.

276 935 367 991 ipse
398 939 522 990 parat
553 948 644 975 sese
677 947 800 988 porro
831 938 1061 987 speratque
1093 931 1288 972 futurum
1685 933 1764 984 805

276 1009 327 1045 ut
357 1003 502 1045 videat
533 1001 646 1058 quod
678 1001 954 1057 consequitur
984 1015 1073 1042 rem
1105 1014 1346 1056 quamque3
1387 999 1437 1041 fit
1469 1014 1578 1058 ergo.

277 1087 417 1114 nonne
451 1071 569 1113 vides
602 1070 744 1112 0011103
777 1070 922 1119 0110111,
952 1083 1050 1110 011111
1083 1068 1229 1110 tenvia
1260 1083 1369 1124 quae
1401 1075 1503 1111 sunt

276 1155 447 1183 cernere
479 1145 725 1195 coeperunt,
758 1138 1015 1180 contendere
1047 1152 1090 1179 30
1122 1143 1253 1192 atque
1285 1151 1446 1192 parare,

278 1225 355 1252 nec
386 1210 476 1251 sine
509 1223 558 1251 eo
590 1208 680 1249 fieri
713 1222 835 1263 posse
868 1216 916 1248 ut
948 1220 1172 1248 cernamus
1202 1209 1361 1248 acute?
1687 1209 1771 1251 810

279 1284 324 1321 01
354 1284 501 1320 10111011
532 1277 577 1318 111
609 1277 737 1318 rebus
769 1291 938 1332 quoque
970 1275 1131 1331 apertis
1161 1289 1333 1317 noscere
1365 1275 1510 1331 possis,

278 1347 314 1389 31
344 1361 429 1388 11011
460 1346 659 1387 advertas
691 1345 898 1394 animum,
929 1344 1107 1400 proinde
1139 1357 1230 1385 esse
1263 1343 1386 1399 quasi
1417 1343 1535 1386 omni

280 1423 470 1471 tempore
502 1421 714 1456 semotum
748 1414 879 1455 fuerit
911 1413 1121 1469 longeque
1152 1418 1378 1455 remotum.

279 1499 355 1527 cur
384 1484 519 1540 igitur
551 1483 763 1530 mirumst,
794 1482 964 1523 animus
997 1481 1032 1523 31
1063 1487 1206 1523 001010
1236 1481 1379 1536 perdit

280 1560 580 1611 praeterquam
612 1552 770 1608 quibus
802 1558 867 1594 est
899 1552 944 1593 in
974 1551 1102 1593 rebus
1133 1550 1306 1593 deditus
1338 1551 1464 1606 ipse?
1686 1553 1764 1603 815

280 1622 434 1664 deinde
467 1621 750 1677 adopinamur
781 1620 834 1662 de
865 1620 1000 1677 signis
1031 1619 1219 1660 maxima
1248 1619 1392 1675 parvis

279 1705 328 1732 ac
359 1705 434 1732 1103
465 1689 511 1731 111
542 1689 735 1730 fraudem
768 1688 990 1730 induimus
1022 1687 1311 1729 frustraminis
1341 1686 1455 1743 ipsi]

340 1759 411 1800 Fit
443 1773 612 1814 quoque
645 1764 694 1799 ut
725 1757 945 1799 interdum
977 1772 1062 1798 non
1094 1756 1399 1812 suppeditetur
1430 1756 1571 1814 imago

281 1828 474 1870 eiusdem
506 1827 687 1884 generis,
721 1826 795 1869 sed
827 1826 988 1868 femina
1018 1841 1128 1882 quae
1160 1826 1243 1867 fuit
1275 1832 1388 1876 ante,

281 1896 326 1938 in
358 1895 556 1937 manibus
589 1895 653 1936 vir
684 1895 750 1936 uti
783 1895 921 1936 factus
953 1895 1152 1936 videatur
1182 1894 1342 1944 adesse,
1689 1895 1773 1937 820

281 1971 359 2007 aut
389 1964 474 2006 alia
504 1979 554 2006 ex
587 1964 672 2006 alia
703 1964 831 2005 facies
862 1970 1067 2019 aetasque
1099 1968 1316 2019 sequatur.

169 2037 252 2077 826
282 2034 396 2090 quod
427 2049 482 2076 ne
513 2034 719 2076 miremur
749 2048 874 2089 sopor
904 2040 1035 2089 atque
1066 2033 1225 2075 oblivia
1256 2038 1419 2074 curant.

170 2106 251 2145 822
341 2102 476 2158 [Illud
508 2103 552 2144 in
585 2103 652 2144 his
682 2102 810 2145 rebus
842 2102 999 2144 vitium
1031 2108 1255 2143 vementer
1285 2102 1445 2143 avessis

167 2198 271 2231 tition
287 2199 324 2231 of
338 2200 413 2237 774,
429 2198 494 2231 has
512 2200 624 2231 Tanta
642 2201 835 2231 mobilitast.
881 2201 911 2231 si
929 2204 1018 2231 terra
1035 2204 1092 2236 est,
1109 2201 1138 2231 si
1154 2200 1246 2231 cordi
1263 2199 1362 2230 Junt.
1531 2198 1594 2232 791
1609 2202 1772 2239 repetunt.

168 2253 314 2294 referunt
329 2252 435 2285 Lach.
562 2254 625 2286 795
645 2254 727 2284 Cum
742 2255 900 2285 sentimus
916 2254 964 2293 id,
984 2257 1016 2285 et
1031 2263 1104 2284 cum
1119 2251 1185 2284 Ed.
1204 2252 1256 2284 for
1274 2253 1500 2285 Consentimm
1516 2253 1553 2284 id
1568 2257 1616 2284 est
1631 2261 1722 2285 cum:
1747 2261 1767 2285 a

169 2307 274 2347 slight
293 2306 362 2338 and
378 2315 559 2347 necessary
576 2307 771 2339 alteration.
817 2307 939 2339 Lamb.
957 2306 1025 2338 and
1040 2306 1148 2338 Laeh.
1165 2306 1202 2337 in
1224 2306 1304 2338 vain
1325 2306 1458 2338 declare
1480 2305 1539 2338 the
1560 2315 1656 2338 verse
1677 2308 1712 2338 to
1729 2305 1772 2338 be

169 2363 229 2394 out
244 2361 281 2393 of
293 2361 406 2402 place:
433 2360 492 2393 the
510 2361 613 2392 latter
628 2363 708 2402 puts
724 2361 762 2398 it,
781 2361 864 2392 thus
881 2361 1011 2393 altered
1030 2362 1124 2400 Quod
1140 2361 1307 2399 sentimus,
1323 2361 1361 2392 id
1376 2360 1449 2392 est?
1472 2362 1550 2398 001..
1569 2359 1684 2392 before
1699 2357 1791 2398 783‚'

170 2415 280 2448 where
296 2415 325 2447 it
341 2414 439 2455 sadly
453 2414 606 2446 involves
622 2415 682 2446 the
698 2415 946 2447 construction.
1102 2416 1165 2447 798
1181 2416 1249 2446 sint
1265 2414 1354 2447 Flor.
1375 2415 1415 2446 31
1434 2413 1553 2447 Camb.
1570 2413 1671 2446 Pont.
1689 2414 1772 2447 Mar.

171 2470 223 2502 for
237 2471 292 2502 sin
305 2469 346 2506 B,
363 2470 401 2500 in
416 2469 446 2500 A
460 2468 550 2500 Nice.
647 2470 725 2500 locis
741 2469 833 2500 Flor.
850 2470 891 2500 31
908 2468 976 2501 and
992 2468 1169 2500 Candidus
1185 2471 1222 2500 at
1238 2468 1305 2500 end
1321 2469 1358 2500 of
1371 2468 1470 2500 Junt.
1486 2469 1539 2500 for
1555 2469 1652 2501 locos.

215 2526 278 2559 '799
301 2524 364 2556 800
385 2524 557 2556 801=774
578 2525 638 2557 771
663 2525 744 2556 772:
769 2534 813 2555 an
834 2523 969 2555 evident
990 2523 1082 2563 gloss
1100 2523 1192 2555 here.
1237 2523 1358 2555 Lamb.
1375 2522 1505 2555 retains
1526 2523 1586 2555 the
1606 2523 1682 2555 first
1703 2524 1774 2556 and

171 2581 293 2621 rejects
308 2579 366 2612 the
382 2582 448 2611 two
464 2579 549 2616 last;
573 2578 673 2610 while
688 2579 731 2610 he
744 2579 896 2619 wrongly
908 2577 1052 2610 obelises
1068 2577 1127 2610 the
1138 2577 1244 2609 whole
1261 2577 1357 2609 three
1373 2577 1410 2609 in
1424 2577 1513 2609 their
1529 2578 1655 2610 former
1669 2578 1774 2618 place,

171 2634 283 2666 where
305 2633 387 2674 they
409 2634 537 2665 cannot
560 2632 600 2663 be
623 2631 805 2672 dispensed
827 2631 923 2663 with.
1045 2632 1108 2663 802
1131 2633 1199 2662 nisi
1223 2641 1308 2672 quae
1331 2632 1512 2663 contendit.
1556 2632 1625 2664 nisi
1647 2641 1681 2663 se
1703 2641 1776 2664 con-

174 2689 280 2720 tendit
294 2686 415 2719 Lamb.
431 2685 612 2728 prompted
627 2685 670 2717 he
686 2695 765 2726 says
780 2686 825 2726 by
842 2687 916 2723 809,
934 2685 1001 2717 and
1017 2685 1143 2718 Lach.:
1168 2686 1229 2717 but
1245 2695 1299 2717 see
1315 2688 1414 2717 notes
1429 2686 1459 2718 2.
1631 2686 1695 2718 804
1709 2688 1778 2719 nisi

173 2743 203 2773 εἰ
219 2751 303 2781 quae
318 2740 365 2772 ad
380 2750 413 2772 se
429 2741 501 2780 ipse
517 2738 622 2770 Lach.
640 2739 692 2770 for
707 2741 776 2770 nisi
793 2749 854 2780 que
867 2749 908 2771 ex
923 2749 955 2771 se
972 2741 1050 2779 ipse.
1100 2741 1167 2770 nisi
1183 2741 1231 2771 sic
1246 2749 1313 2771 sese
1329 2741 1400 2780 ipse
1415 2738 1537 2771 Lamb.
1712 2741 1775 2773 805

168 2796 323 2837 futurum
338 2794 439 2826 Pont.
455 2793 552 2825 Junt.
570 2794 622 2825 for
631 2794 797 2834 suturam.
967 2795 1150 2826 808=804.
1313 2795 1377 2826 815
1392 2793 1775 2834 Ρναειενφιαηιᾼναῑιο.

175 2849 227 2879 for
242 2849 422 2880 Praeterea
437 2857 546 2888 quam.
722 2848 785 2878 818
800 2857 867 2879 non
882 2847 975 2880 Brix.
992 2847 1092 2880 Pont.
1112 2848 1199 2880 Mar.
1217 2848 1269 2880 for
1280 2858 1350 2880 ηοε.
1530 2848 1595 2880 820
1608 2849 1664 2880 vir
1677 2850 1731 2880 uti
1747 2848 1789 2880 B‘

176 2912 260 2935 corr.
276 2902 367 2933 Flor.
386 2903 426 2933 31
443 2901 558 2934 Camb.
580 2901 665 2934 Mar.
685 2901 738 2932 for
753 2903 882 2934 virtuti.
932 2904 986 2934 vir
1003 2907 1080 2934 tunc
1103 2903 1196 2933 Nice.
1242 2904 1296 2934 vir
1313 2897 1381 2934 tuin
1396 2901 1517 2934 Lamb.
1534 2904 1596 2934 etc.
1710 2903 1774 2935 822
