1997 3267
198 195 256 248 98

219 2635 264 2666 sit
287 2635 324 2664 z'n
347 2633 417 2664 orbi
439 2632 468 2663 B
492 2640 577 2662 corr.

220 2687 356 2728 rightly.

971 190 1021 232 ΙΙ

317 301 385 342 cui
416 300 568 342 similis
599 304 690 342 toto
721 304 932 340 terrarum
963 299 1085 341 mella
1115 298 1172 340 sit
1203 297 1318 350 orbi;

314 369 484 411 infinita
514 375 660 411 tamen
690 367 774 409 nisi
804 367 887 409 erit
919 366 983 408 vis
1014 366 1211 408 materiai

316 438 429 481 unde
461 453 510 480 ea
539 436 738 494 progigni
767 435 901 492 possit
933 441 1148 492 concepta,
1179 434 1312 477 creari

315 523 399 550 non
431 507 602 564 poterit,
631 521 783 562 neque,
816 505 930 561 quod
960 510 1165 561 superest,
1195 519 1458 561 procrescere
1488 504 1640 561 alique.

316 577 474 633 quippe
505 576 666 618 etenim
697 590 863 616 sumam
895 574 973 616 hoc
1003 589 1171 630 quoque
1202 574 1270 616 uti
1299 574 1424 616 finita
1453 589 1530 630 per
1559 588 1685 617 omne

317 662 489 702 corpora
517 645 667 688 iactari
697 644 826 686 unius
856 643 1064 700 genitalia
1093 643 1166 693 rei,

315 715 429 758 unde
459 715 534 757 ubi
565 729 649 770 qua
679 714 723 755 vi
753 719 797 754 et
828 727 911 768 quo
942 719 1067 768 pacto
1098 727 1323 769 congressa
1353 712 1531 755 coibunt

316 784 520 826 materiae
550 788 672 825 tanto
704 783 750 823 in
779 782 931 837 pelago
961 782 1173 837 turbaque
1205 781 1380 823 aliena?

316 869 413 904 non,
443 859 493 895 ut
524 853 682 909 opinor,
713 851 875 892 habent
905 851 1115 892 rationem
1147 849 1428 902 conciliandi3

317 923 391 965 sed
421 921 542 978 quasi
571 920 805 976 naufragiis
835 920 1003 976 magnis
1032 919 1265 975 multisque
1297 919 1451 960 coortis

317 992 538 1033 disiectare
568 989 675 1031 solet
706 1003 909 1044 magnum
941 1003 1056 1029 mare
1087 993 1275 1029 transtra
1303 987 1498 1043 guberna

317 1066 540 1102 antemnas
569 1073 737 1114 proram
768 1057 902 1098 malos
932 1062 1161 1112 tonsasque
1191 1056 1394 1105 natantis,

317 1144 393 1185 per
423 1133 632 1170 terrarum
663 1125 800 1168 omnis
831 1141 922 1167 oras
953 1124 1172 1166 fluitantia
1202 1124 1394 1179 aplustra

318 1203 369 1239 ut
399 1197 628 1238 videantur
658 1201 702 1237 et
733 1195 940 1236 indicium
972 1195 1225 1236 mortalibus
1256 1194 1399 1244 edant,

319 1265 441 1307 infidi
470 1264 598 1305 maris
628 1263 804 1305 insidias
834 1263 1022 1318 virisque
1053 1262 1284 1317 dolumque

320 1340 371 1376 ut
400 1334 536 1375 vitare
565 1332 712 1382 velint,
743 1347 849 1373 neve
881 1332 967 1373 ullo
998 1337 1189 1386 tempore
1221 1329 1409 1380 credant,

320 1402 497 1444 subdola
526 1416 623 1443 cum
654 1400 766 1442 ridet
797 1400 953 1456 placidi
983 1399 1163 1455 pellacia
1192 1398 1327 1454 ponti,

321 1472 379 1513 sic
410 1471 491 1513 tibi
521 1471 557 1512 si
587 1470 711 1511 finita
741 1470 871 1511 semel
902 1469 1134 1525 primordia
1165 1467 1376 1523 quaedam

322 1540 566 1589 constitues,
596 1554 744 1581 aevom
775 1539 995 1581 debebunt
1026 1553 1171 1594 sparsa
1200 1552 1276 1593 per
1307 1551 1477 1579 omnem

322 1610 544 1652 disiectare
575 1614 719 1651 aestus
750 1608 907 1649 diversi
937 1607 1146 1657 materiai,

322 1692 557 1733 numquam
587 1676 633 1717 in
663 1675 889 1717 concilium
921 1682 970 1716 ut
1000 1675 1165 1730 possint
1196 1674 1416 1729 compulsa
1447 1672 1559 1715 coire

323 1761 401 1788 nec
430 1746 630 1788 remorari
660 1745 705 1786 in
736 1744 911 1786 concilio
941 1759 1019 1785 nec
1049 1759 1232 1786 crescere
1263 1744 1471 1794 adaucta3

324 1830 501 1871 quorum
534 1821 765 1870 utrumque
796 1814 937 1869 palam
969 1813 1061 1854 fieri
1091 1813 1319 1854 manifesta
1350 1812 1473 1853 docet
1504 1825 1583 1861 res,

326 1891 369 1927 et
398 1899 465 1926 res
495 1883 692 1940 progigni
722 1889 766 1925 et
796 1883 964 1938 genitas
994 1897 1255 1938 procrescere
1286 1896 1416 1937 posse.

326 1968 415 1995 esse
445 1952 579 2009 igitur
608 1966 762 2008 genere
793 1951 838 1992 in
869 1951 1019 2006 quovis
1049 1950 1279 2006 primordia
1309 1963 1451 1990 rerum

326 2022 495 2064 infinita
525 2022 666 2077 palam
698 2026 764 2062 est
794 2021 909 2062 unde
940 2021 1084 2062 omnia
1114 2019 1456 2075 suppeditantur.

385 2091 478 2133 Nec
508 2105 707 2147 superare
739 2096 905 2146 queunt
936 2096 1078 2131 motus
1109 2089 1256 2144 itaque
1289 2087 1486 2129 exitiales

329 2166 534 2217 perpetuo
564 2175 703 2215 neque
734 2159 779 2200 in
810 2165 1034 2200 aeternum
1066 2158 1244 2214 sepelire
1276 2157 1472 2207 salutem,

328 2244 406 2270 nec
435 2243 556 2284 porro
586 2243 728 2270 rerum
759 2227 970 2284 genitales
1000 2226 1274 2281 auctificique

330 2302 472 2338 motus
501 2301 708 2352 perpetuo
738 2301 917 2352 possunt
949 2309 1114 2337 servare
1146 2299 1299 2335 creata.

331 2365 390 2407 sic
419 2380 553 2420 aequo
583 2365 746 2421 geritur
776 2364 1009 2406 certamine
1040 2362 1349 2419 principiorum

330 2448 383 2476 ex
413 2433 582 2474 infinito
613 2439 879 2474 contractum
911 2437 1101 2486 tempore
1132 2430 1319 2472 bellum:

332 2517 446 2544 nunc
476 2502 544 2542 hic
573 2516 687 2543 nunc
718 2501 804 2542 illic
835 2506 1040 2556 superant
1071 2499 1220 2540 vitalia
1248 2511 1392 2539 rerum

1719 445 1798 491 545

1719 789 1803 834 550

1723 1132 1800 1177 555

1723 1812 1801 1865 565

1726 2164 1812 2210 570

1729 2505 1807 2551 575

644 2641 709 2662 non
730 2631 776 2661 sit
800 2631 837 2661 in
858 2631 932 2660 orbe
956 2628 1048 2660 Nico.
1073 2628 1165 2659 Flor.
1190 2627 1230 2658 31
1255 2627 1373 2658 Gamb.
1398 2626 1490 2660 Mon.
1517 2626 1637 2667 vulgo:
1660 2626 1808 2667 perhaps

509 2686 572 2717 547
595 2695 719 2716 sumam
742 2685 799 2715 hoc
823 2693 949 2724 quoque
974 2684 1023 2714 uti
1046 2682 1109 2714 Ed.
1139 2682 1191 2713 for
1214 2681 1272 2713 the
1294 2680 1522 2721 meaningless
1543 2685 1674 2712 sumant
1697 2681 1809 2713 oculi:

220 2751 330 2782 comp.
356 2741 429 2772 541.
473 2742 502 2772 si
523 2740 723 2770 manticuler
741 2737 847 2769 Lach.
871 2736 1054 2777 strangely.
1100 2736 1198 2767 Wak.
1215 2735 1291 2766 tells
1307 2745 1347 2766 us
1364 2735 1441 2766 that
1456 2735 1567 2767 Bentl.
1588 2734 1735 2767 obelised
1749 2735 1809 2767 the

221 2794 347 2831 words;
372 2793 441 2825 and
461 2792 489 2824 it
510 2792 539 2823 is
561 2795 697 2832 strange
719 2791 795 2823 that
817 2791 864 2822 all
885 2790 1012 2822 editors
1032 2789 1146 2821 before
1161 2789 1271 2825 Wak„
1290 2798 1372 2820 even
1393 2788 1489 2819 Junt.
1511 2787 1579 2820 and
1599 2788 1734 2826 Lamb.,
1750 2787 1813 2821 left

222 2849 315 2879 them
338 2847 543 2880 unnoticed:
570 2846 666 2878 Wak.
694 2846 782 2885 conj.
809 2850 940 2876 sumant
962 2845 1050 2876 ollei.

223 2904 355 2934 carinas
371 2903 462 2934 Nico.

225 2956 341 2987 Camb.
472 2955 534 2986 560
550 2956 579 2986 si
586 2955 694 2996 finita
708 2953 736 2984 B
753 2963 839 2984 corr.
855 2953 929 2985 Ver.
951 2952 1034 2983 Ven.
1051 2952 1136 2982 Mar.
1153 2951 1206 2983 for
1220 2953 1250 2982 si
1266 2951 1410 2992 infinita.

1183 2845 1245 2875 553
1268 2845 1414 2883 yuberna
1436 2842 1557 2874 Lamb.
1582 2842 1635 2874 for
1658 2852 1811 2874 caverna.

589 2901 650 2932 555
667 2901 817 2940 aplustra
833 2899 983 2930 Politian
1000 2898 1083 2930 Mar.
1105 2898 1200 2929 Junt.
1219 2897 1270 2928 for
1281 2897 1437 2938 plaustra
1451 2897 1490 2935 A,
1502 2898 1660 2938 plaustra
1673 2896 1702 2928 B
1718 2895 1812 2928 Nico.
