1997 3267
866 182 888 225 I
1598 197 1654 236 49

173 292 517 348 quandoquidem
550 293 672 334 factis
703 298 746 334 et
779 291 968 333 moribus
998 292 1167 333 aemula
1198 293 1367 347 magnis

173 363 372 404 amnibus
403 363 690 410 inveniuntur,
721 367 869 416 aperto
900 375 1068 416 corpore
1101 360 1175 416 qui
1206 367 1316 402 sunt.

174 436 268 471 tum
300 445 421 486 porro
452 431 588 471 varios
618 445 758 471 rerum
790 430 999 471 sentimus
1031 429 1176 470 odores

177 514 255 540 nec
285 504 430 540 tamen
462 500 514 540 ad
547 499 659 540 naris
691 499 902 540 venientis
933 498 1144 539 cernimus
1176 513 1392 553 umquam,

174 582 251 609 nec
282 568 438 609 calidos
469 574 612 609 aestus
644 568 808 609 tuimur
840 583 916 609 nec
948 567 1103 623 frigora
1134 568 1305 622 quimus
1574 580 1657 620 300

175 651 379 692 usurpare
411 637 542 678 oculis
572 651 648 677 nec
680 651 800 677 voces
832 651 1002 678 cernere
1034 651 1231 687 suemus3

175 719 284 760 quae
317 711 462 746 tamen
492 705 635 747 omnia
665 719 863 760 corporea
893 711 1085 745 constare
1117 710 1328 746 necessest

173 780 342 823 natura,
375 773 575 829 quoniam
607 788 753 814 sensus
787 773 990 828 inpellere
1021 780 1211 828 possunt.

173 848 349 898 tangere
381 842 494 883 enim
527 846 571 882 et
602 841 734 897 tangi,
767 841 847 882 nisi
879 856 1041 896 corpus,
1075 842 1193 882 nulla
1227 848 1372 897 potest
1406 856 1481 884 res.

173 911 359 966 denique
391 910 630 965 fluctifrago
664 925 892 965 suspensae
924 910 968 951 in
1001 911 1123 952 litore
1155 918 1297 953 vestes
1574 921 1652 964 305

174 985 394 1029 uvescunt,
425 979 598 1020 eaedem
630 979 852 1033 dispansae
886 979 929 1019 in
961 979 1045 1020 sole
1077 986 1307 1023 serescunt.

174 1055 220 1090 at
252 1063 389 1104 neque
420 1063 502 1104 quo
535 1055 658 1102 pacto
688 1048 923 1103 persederit
955 1063 1077 1089 umor
1108 1049 1233 1104 aquai

175 1119 357 1160 visumst
389 1132 465 1159 nec
497 1133 665 1159 rursum
697 1133 780 1173 quo
813 1125 937 1173 pacto
969 1119 1129 1174 fugerit
1159 1124 1293 1162 aestIL

175 1189 221 1231 in
251 1202 402 1244 parvas
434 1187 567 1242 igitur
598 1186 731 1241 partis
763 1187 1026 1242 dispergitur
1057 1203 1178 1228 umor

176 1271 282 1312 quas
312 1256 422 1297 oculi
454 1256 572 1296 nulla
602 1262 782 1311 possunt
814 1256 977 1297 ratione
1013 1256 1169 1297 videre.
1579 1268 1662 1310 310

175 1325 280 1380 quin
311 1324 442 1366 etiam
475 1324 623 1365 multis
654 1324 752 1365 solis
784 1324 1064 1365 redeuntibus
1094 1324 1217 1365 annis

174 1393 329 1434 anulus
360 1392 404 1433 in
437 1392 573 1448 digito
605 1393 753 1434 subter
785 1399 991 1434 tenuatur
1023 1393 1230 1443 habendo,

175 1461 350 1502 stilicidi
381 1476 503 1502 casus
535 1461 721 1516 lapidem
753 1468 887 1510 cavat,
919 1476 1054 1502 uncus
1085 1461 1219 1503 aratri

176 1531 336 1572 ferreus
367 1531 530 1572 occulte
562 1531 767 1572 decrescit
799 1545 944 1571 vomer
975 1530 1019 1571 in
1051 1531 1173 1579 arvis,

176 1605 397 1656 strataque
427 1600 513 1641 iam
545 1600 659 1656 volgi
691 1600 871 1655 pedibus
903 1600 1062 1641 detrita
1093 1600 1258 1641 viarum
1580 1610 1657 1653 315

176 1684 303 1711 saxea
333 1669 639 1724 conspicimus3
679 1675 772 1710 tum
805 1676 949 1724 portas
979 1675 1152 1724 propter
1182 1683 1290 1711 aena

175 1739 298 1795 signa
328 1753 481 1779 manus
511 1738 682 1780 dextras
713 1739 946 1780 ostendunt
976 1739 1201 1780 adtenuari

177 1823 303 1863 saepe
333 1808 599 1849 salutantum
630 1814 749 1848 tactu
781 1817 1033 1863 praeterque
1064 1813 1295 1849 meantum.

178 1876 283 1918 haec
313 1876 448 1932 igitur
479 1876 628 1925 minui,
661 1890 757 1916 cum
789 1876 875 1916 sint
907 1876 1078 1926 detrita,
1110 1876 1314 1918 videmus.

178 1945 253 1987 sed
283 1960 392 2001 quae
424 1960 595 2000 corpora
626 1945 835 1986 decedant
867 1946 911 1986 in
946 1953 1136 2001 tempore
1169 1960 1348 2001 quoque,
1580 1956 1663 1999 320

178 2013 324 2054 invida
354 2013 584 2069 praeclusit
616 2014 799 2068 speciem
832 2020 986 2055 natura
1018 2014 1202 2055 videndi.

179 2085 392 2135 postremo
423 2094 718 2135 quaecumque
750 2080 841 2121 dies
872 2087 1112 2136 naturaque
1144 2081 1274 2122 rebus

179 2149 388 2205 paulatim
420 2149 586 2199 tribuit,
618 2149 873 2191 moderatim
904 2165 1088 2191 crescere
1121 2165 1287 2206 cogens,

179 2217 298 2258 nulla
327 2222 470 2272 potest
501 2217 720 2258 oculorum
751 2217 862 2258 acies
894 2224 1097 2259 contenta
1128 2218 1268 2269 tueri;

178 2299 256 2326 nec
287 2299 409 2340 porro
440 2300 734 2340 quaecumque
765 2300 869 2326 aevo
901 2286 1119 2341 macieque
1151 2292 1388 2335 senescunt,
1581 2297 1658 2339 325

178 2369 267 2404 nec,
299 2369 414 2395 mare
446 2369 555 2409 quae
585 2354 834 2409 inpendent,
866 2370 987 2396 vesco
1018 2355 1104 2396 sale
1135 2370 1237 2396 saxa
1266 2370 1415 2410 peresa

179 2422 283 2478 quid
314 2438 483 2478 quoque
513 2423 719 2464 amittant
749 2424 795 2464 in
826 2429 1017 2479 tempore
1048 2439 1218 2465 cernere
1249 2425 1390 2480 possis.

179 2491 423 2547 corporibus
454 2492 590 2532 caecis
620 2491 755 2547 igitur
786 2498 941 2533 natura
971 2492 1083 2548 gerit
1114 2507 1190 2534 res.

237 2559 330 2601 Nec
360 2566 506 2601 tamen
537 2560 727 2614 undique
758 2575 956 2615 corporea
985 2561 1146 2615 stipata
1177 2566 1380 2602 tenentur

179 2629 322 2671 omnia
352 2635 528 2679 natura3
568 2644 753 2684 namque
785 2635 848 2671 est
880 2630 924 2670 in
955 2630 1082 2671 rebus
1113 2630 1249 2671 inane.
1582 2643 1665 2684 330

130 2725 193 2756 304
209 2729 251 2756 et.
269 2730 328 2755 aut
346 2724 474 2756 Gellius
489 2734 511 2755 v
527 2725 587 2757 15:
611 2725 672 2756 but
688 2725 734 2757 all
750 2736 832 2757 mss.
849 2727 919 2758 and
937 2728 1064 2759 Seneca
1080 2727 1220 2759 Tertull.
1238 2727 1370 2759 Nonius
1386 2728 1473 2759 have
1490 2734 1531 2760 et.

130 2779 210 2809 313:
243 2777 362 2810 Isidor.
392 2778 482 2818 Orig.
511 2788 555 2809 xx
582 2779 622 2809 14
651 2780 668 2809 1
698 2779 842 2811 ‘Vomer
861 2780 926 2812 ..de
953 2789 1021 2820 quo
1047 2780 1229 2812 Lucretius
1259 2782 1365 2812 Uncus
1394 2783 1502 2812 aratri
1525 2783 1663 2813 Ferreus

65 2834 190 2864 occulto
206 2833 362 2864 decrescit
377 2843 484 2864 vomer
500 2834 537 2864 in
553 2835 644 2865 arvis
662 2833 841 2874 Sumitque
856 2845 915 2874 per
931 2834 1140 2867 detrimenta
1156 2835 1340 2876 fulgorem'
1359 2838 1432 2876 (not
1451 2836 1615 2867 ‘nitorem
1627 2837 1659 2876 ').

66 2886 99 2916 It
115 2886 145 2917 is
160 2886 226 2917 odd
242 2886 349 2917 if-the
369 2886 436 2917 last
452 2886 561 2918 words
581 2896 638 2918 are
659 2887 817 2919 Isidore’s
839 2898 932 2921 own:
959 2889 989 2920 is
1011 2899 1031 2920 a
1052 2889 1121 2920 line
1142 2890 1176 2920 of
1199 2889 1269 2921 this
1290 2889 1372 2921 kind
1395 2891 1472 2926 lost,
1491 2891 1663 2931 Sumitque

69 2942 135 2981 ipse
164 2951 258 2971 suum
283 2950 345 2981 per
374 2941 573 2972 detrimenta
601 2943 764 2975 nitorem?
904 2943 967 2974 321
996 2945 1144 2984 speciem.
1178 2946 1324 2984 spatium
1353 2943 1476 2976 Laeh.:
1515 2944 1577 2976 but
1609 2955 1663 2976 see

181 3016 227 3046 Μ.
1522 3011 1549 3049 4
