<?xml version="1.0" encoding="UTF-8"?>
<!DOCTYPE html PUBLIC "-//W3C//DTD XHTML 1.0 Transitional//EN"
    "http://www.w3.org/TR/xhtml1/DTD/xhtml1-transitional.dtd">
<html xmlns="http://www.w3.org/1999/xhtml" xml:lang="en" lang="en">
 <head>
  <title>
</title>
<meta http-equiv="Content-Type" content="text/html;charset=utf-8" />
  <meta name='ocr-system' content='tesseract 3.04.00' />
  <meta name='ocr-capabilities' content='ocr_page ocr_carea ocr_par ocr_line ocrx_word'/>
</head>
<body>
  <div class='ocr_page' id='page_1' title='image "./lucreticariderer01lucruoft_0119.png"; bbox 0 0 1997 3267; ppageno 0'>
   <div class='ocr_carea' id='block_1_1' title="bbox 925 194 1742 250">
    <p class='ocr_par' dir='ltr' id='par_1_1' title="bbox 925 194 1742 250">
     <span class='ocr_line' id='line_1_1' title="bbox 925 194 1742 250; baseline 0.002 -13"><span class='ocrx_word' id='word_1_1' title='bbox 925 194 973 237; x_wconf 93' lang='grc' dir='ltr'>Π</span> <span class='ocrx_word' id='word_1_2' title='bbox 1666 208 1742 250; x_wconf 86' lang='lat'>103</span> 
     </span>
    </p>
   </div>
   <div class='ocr_carea' id='block_1_2' title="bbox 263 301 1742 2416">
    <p class='ocr_par' dir='ltr' id='par_1_2' title="bbox 263 301 1742 2416">
     <span class='ocr_line' id='line_1_2' title="bbox 267 301 1339 357; baseline 0.001 -14"><span class='ocrx_word' id='word_1_3' title='bbox 267 302 370 357; x_wconf 90' lang='lat' dir='ltr'>quin</span> <span class='ocrx_word' id='word_1_4' title='bbox 402 301 533 344; x_wconf 84' lang='lat' dir='ltr'>etiam</span> <span class='ocrx_word' id='word_1_5' title='bbox 563 301 720 357; x_wconf 85' lang='lat' dir='ltr'>passim</span> <span class='ocrx_word' id='word_1_6' title='bbox 752 301 908 342; x_wconf 87' lang='lat' dir='ltr'>nostris</span> <span class='ocrx_word' id='word_1_7' title='bbox 938 301 984 343; x_wconf 90' lang='lat' dir='ltr'>in</span> <span class='ocrx_word' id='word_1_8' title='bbox 1014 301 1205 343; x_wconf 87' lang='lat' dir='ltr'>versibus</span> <span class='ocrx_word' id='word_1_9' title='bbox 1234 301 1339 357; x_wconf 83' lang='lat' dir='ltr'>ipsis</span> 
     </span>
     <span class='ocr_line' id='line_1_3' title="bbox 268 370 1426 421; baseline 0.001 -9"><span class='ocrx_word' id='word_1_10' title='bbox 268 372 406 413; x_wconf 89' lang='lat' dir='ltr'>multa</span> <span class='ocrx_word' id='word_1_11' title='bbox 435 372 647 413; x_wconf 84' lang='lat' dir='ltr'>elementa</span> <span class='ocrx_word' id='word_1_12' title='bbox 677 370 794 412; x_wconf 86' lang='lat' dir='ltr'>vides</span> <span class='ocrx_word' id='word_1_13' title='bbox 825 370 973 412; x_wconf 88' lang='lat' dir='ltr'>multis</span> <span class='ocrx_word' id='word_1_14' title='bbox 1003 371 1246 412; x_wconf 85' lang='lat' dir='ltr'>communia</span> <span class='ocrx_word' id='word_1_15' title='bbox 1275 371 1426 421; x_wconf 85' lang='lat' dir='ltr'>verbis,</span> 
     </span>
     <span class='ocr_line' id='line_1_4' title="bbox 267 439 1742 493; baseline 0.001 -12"><span class='ocrx_word' id='word_1_16' title='bbox 267 454 364 481; x_wconf 87' lang='lat' dir='ltr'>cum</span> <span class='ocrx_word' id='word_1_17' title='bbox 395 445 539 481; x_wconf 85' lang='lat' dir='ltr'>tamen</span> <span class='ocrx_word' id='word_1_18' title='bbox 570 440 683 480; x_wconf 86' lang='lat' dir='ltr'>inter</span> <span class='ocrx_word' id='word_1_19' title='bbox 712 454 756 481; x_wconf 89' lang='lat' dir='ltr'>se</span> <span class='ocrx_word' id='word_1_20' title='bbox 789 453 932 480; x_wconf 84' lang='lat' dir='ltr'>versus</span> <span class='ocrx_word' id='word_1_21' title='bbox 962 454 1010 481; x_wconf 87' lang='lat' dir='ltr'>ac</span> <span class='ocrx_word' id='word_1_22' title='bbox 1040 439 1170 481; x_wconf 89' lang='lat' dir='ltr'>verba</span> <span class='ocrx_word' id='word_1_23' title='bbox 1199 454 1370 481; x_wconf 86' lang='lat' dir='ltr'>necesse</span> <span class='ocrx_word' id='word_1_24' title='bbox 1401 445 1468 482; x_wconf 83' lang='lat' dir='ltr'>est</span> <span class='ocrx_word' id='word_1_25' title='bbox 1656 443 1742 493; x_wconf 81' lang='lat'>690</span> 
     </span>
     <span class='ocr_line' id='line_1_5' title="bbox 267 506 1315 558; baseline 0 -9"><span class='ocrx_word' id='word_1_26' title='bbox 267 508 492 549; x_wconf 83' lang='lat' dir='ltr'>confiteare</span> <span class='ocrx_word' id='word_1_27' title='bbox 524 508 607 548; x_wconf 86' lang='lat' dir='ltr'>alia</span> <span class='ocrx_word' id='word_1_28' title='bbox 636 521 687 548; x_wconf 84' lang='lat' dir='ltr'>ex</span> <span class='ocrx_word' id='word_1_29' title='bbox 718 506 812 547; x_wconf 87' lang='lat' dir='ltr'>aliis</span> <span class='ocrx_word' id='word_1_30' title='bbox 842 513 1034 548; x_wconf 74' lang='lat' dir='ltr'><strong>constare</strong></span> <span class='ocrx_word' id='word_1_31' title='bbox 1065 507 1289 549; x_wconf 89' lang='lat' dir='ltr'>elementis</span> <span class='ocrx_word' id='word_1_32' title='bbox 1305 522 1315 558; x_wconf 89' lang='lat'>;</span> 
     </span>
     <span class='ocr_line' id='line_1_6' title="bbox 266 575 1431 631; baseline 0.001 -14"><span class='ocrx_word' id='word_1_33' title='bbox 266 591 351 618; x_wconf 89' lang='lat' dir='ltr'>non</span> <span class='ocrx_word' id='word_1_34' title='bbox 382 591 465 631; x_wconf 91' lang='lat' dir='ltr'>quo</span> <span class='ocrx_word' id='word_1_35' title='bbox 496 575 633 617; x_wconf 87' lang='lat' dir='ltr'>multa</span> <span class='ocrx_word' id='word_1_36' title='bbox 662 589 813 631; x_wconf 84' lang='lat' dir='ltr'>parum</span> <span class='ocrx_word' id='word_1_37' title='bbox 845 575 1082 616; x_wconf 84' lang='lat' dir='ltr'>eommunis</span> <span class='ocrx_word' id='word_1_38' title='bbox 1112 575 1258 616; x_wconf 83' lang='lat' dir='ltr'>littera</span> <span class='ocrx_word' id='word_1_39' title='bbox 1288 581 1431 618; x_wconf 78' lang='lat' dir='ltr'>currat</span> 
     </span>
     <span class='ocr_line' id='line_1_7' title="bbox 266 643 1422 692; baseline -0.001 -6"><span class='ocrx_word' id='word_1_40' title='bbox 266 650 343 686; x_wconf 86' lang='lat' dir='ltr'>aut</span> <span class='ocrx_word' id='word_1_41' title='bbox 372 644 490 685; x_wconf 89' lang='lat' dir='ltr'>nulla</span> <span class='ocrx_word' id='word_1_42' title='bbox 518 644 631 685; x_wconf 90' lang='lat' dir='ltr'>inter</span> <span class='ocrx_word' id='word_1_43' title='bbox 660 658 703 684; x_wconf 90' lang='lat' dir='ltr'>se</span> <span class='ocrx_word' id='word_1_44' title='bbox 734 643 818 684; x_wconf 87' lang='lat' dir='ltr'>duo</span> <span class='ocrx_word' id='word_1_45' title='bbox 848 643 935 684; x_wconf 84' lang='lat' dir='ltr'>sint</span> <span class='ocrx_word' id='word_1_46' title='bbox 966 658 1017 684; x_wconf 83' lang='lat' dir='ltr'>ex</span> <span class='ocrx_word' id='word_1_47' title='bbox 1048 643 1245 684; x_wconf 88' lang='lat' dir='ltr'>omnibus</span> <span class='ocrx_word' id='word_1_48' title='bbox 1275 643 1422 692; x_wconf 90' lang='lat' dir='ltr'>isdem,</span> 
     </span>
     <span class='ocr_line' id='line_1_8' title="bbox 267 711 1520 768; baseline -0.002 -13"><span class='ocrx_word' id='word_1_49' title='bbox 267 712 341 755; x_wconf 83' lang='lat' dir='ltr'>sed</span> <span class='ocrx_word' id='word_1_50' title='bbox 371 712 472 768; x_wconf 89' lang='lat' dir='ltr'>quia</span> <span class='ocrx_word' id='word_1_51' title='bbox 500 726 584 753; x_wconf 90' lang='lat' dir='ltr'>non</span> <span class='ocrx_word' id='word_1_52' title='bbox 614 712 736 767; x_wconf 88' lang='lat' dir='ltr'>volgo</span> <span class='ocrx_word' id='word_1_53' title='bbox 766 712 886 766; x_wconf 85' lang='lat' dir='ltr'>paria</span> <span class='ocrx_word' id='word_1_54' title='bbox 915 712 1112 753; x_wconf 88' lang='lat' dir='ltr'>omnibus</span> <span class='ocrx_word' id='word_1_55' title='bbox 1142 711 1285 753; x_wconf 87' lang='lat' dir='ltr'>omnia</span> <span class='ocrx_word' id='word_1_56' title='bbox 1314 718 1520 754; x_wconf 86' lang='lat' dir='ltr'>constant.</span> 
     </span>
     <span class='ocr_line' id='line_1_9' title="bbox 267 779 1738 834; baseline 0.001 -13"><span class='ocrx_word' id='word_1_57' title='bbox 267 780 326 821; x_wconf 90' lang='lat' dir='ltr'>sic</span> <span class='ocrx_word' id='word_1_58' title='bbox 357 780 450 821; x_wconf 86' lang='lat' dir='ltr'>aliis</span> <span class='ocrx_word' id='word_1_59' title='bbox 480 780 525 820; x_wconf 91' lang='lat' dir='ltr'>in</span> <span class='ocrx_word' id='word_1_60' title='bbox 554 779 680 820; x_wconf 90' lang='lat' dir='ltr'>rebus</span> <span class='ocrx_word' id='word_1_61' title='bbox 710 779 815 820; x_wconf 84' lang='lat' dir='ltr'>item</span> <span class='ocrx_word' id='word_1_62' title='bbox 847 779 1089 820; x_wconf 87' lang='lat' dir='ltr'>communia</span> <span class='ocrx_word' id='word_1_63' title='bbox 1118 779 1257 821; x_wconf 87' lang='lat' dir='ltr'>multa</span> <span class='ocrx_word' id='word_1_64' title='bbox 1656 783 1738 834; x_wconf 86' lang='lat'>695</span> 
     </span>
     <span class='ocr_line' id='line_1_10' title="bbox 267 847 1368 903; baseline 0 -13"><span class='ocrx_word' id='word_1_65' title='bbox 267 848 500 890; x_wconf 87' lang='lat' dir='ltr'>multarum</span> <span class='ocrx_word' id='word_1_66' title='bbox 531 862 672 889; x_wconf 89' lang='lat' dir='ltr'>rerum</span> <span class='ocrx_word' id='word_1_67' title='bbox 703 862 799 888; x_wconf 88' lang='lat' dir='ltr'>cum</span> <span class='ocrx_word' id='word_1_68' title='bbox 831 847 919 889; x_wconf 87' lang='lat' dir='ltr'>sint</span> <span class='ocrx_word' id='word_1_69' title='bbox 949 847 1190 903; x_wconf 88' lang='lat' dir='ltr'>primordia,</span> <span class='ocrx_word' id='word_1_70' title='bbox 1221 862 1368 890; x_wconf 88' lang='lat' dir='ltr'>verum</span> 
     </span>
     <span class='ocr_line' id='line_1_11' title="bbox 266 915 1313 959; baseline -0.001 0"><span class='ocrx_word' id='word_1_71' title='bbox 266 916 462 959; x_wconf 83' lang='lat' dir='ltr'>dissimili</span> <span class='ocrx_word' id='word_1_72' title='bbox 492 921 637 957; x_wconf 86' lang='lat' dir='ltr'>tamen</span> <span class='ocrx_word' id='word_1_73' title='bbox 668 915 781 957; x_wconf 89' lang='lat' dir='ltr'>inter</span> <span class='ocrx_word' id='word_1_74' title='bbox 812 930 855 957; x_wconf 88' lang='lat' dir='ltr'>se</span> <span class='ocrx_word' id='word_1_75' title='bbox 886 915 1114 958; x_wconf 84' lang='lat' dir='ltr'>consistere</span> <span class='ocrx_word' id='word_1_76' title='bbox 1145 931 1313 958; x_wconf 84' lang='lat' dir='ltr'>summa</span> 
     </span>
     <span class='ocr_line' id='line_1_12' title="bbox 266 985 1368 1041; baseline 0.001 -15"><span class='ocrx_word' id='word_1_77' title='bbox 266 990 470 1041; x_wconf 80' lang='lat' dir='ltr'>possunt3</span> <span class='ocrx_word' id='word_1_78' title='bbox 513 989 564 1026; x_wconf 83' lang='lat' dir='ltr'>ut</span> <span class='ocrx_word' id='word_1_79' title='bbox 594 985 746 1026; x_wconf 83' lang='lat' dir='ltr'>merito</span> <span class='ocrx_word' id='word_1_80' title='bbox 776 999 826 1026; x_wconf 86' lang='lat' dir='ltr'>ex</span> <span class='ocrx_word' id='word_1_81' title='bbox 858 985 954 1027; x_wconf 85' lang='lat' dir='ltr'>aliis</span> <span class='ocrx_word' id='word_1_82' title='bbox 984 990 1176 1027; x_wconf 84' lang='lat' dir='ltr'>constare</span> <span class='ocrx_word' id='word_1_83' title='bbox 1208 986 1368 1027; x_wconf 87' lang='lat' dir='ltr'>feratur</span> 
     </span>
     <span class='ocr_line' id='line_1_13' title="bbox 267 1054 1356 1110; baseline 0 -14"><span class='ocrx_word' id='word_1_84' title='bbox 267 1054 501 1096; x_wconf 89' lang='lat' dir='ltr'>humanum</span> <span class='ocrx_word' id='word_1_85' title='bbox 531 1068 666 1109; x_wconf 87' lang='lat' dir='ltr'>genus</span> <span class='ocrx_word' id='word_1_86' title='bbox 697 1058 740 1095; x_wconf 89' lang='lat' dir='ltr'>et</span> <span class='ocrx_word' id='word_1_87' title='bbox 772 1054 914 1110; x_wconf 85' lang='lat' dir='ltr'>fruges</span> <span class='ocrx_word' id='word_1_88' title='bbox 944 1054 1202 1110; x_wconf 74' lang='lat' dir='ltr'>arbustaque</span> <span class='ocrx_word' id='word_1_89' title='bbox 1234 1055 1356 1096; x_wconf 86' lang='lat' dir='ltr'>laeta.</span> 
     </span>
     <span class='ocr_line' id='line_1_14' title="bbox 324 1121 1740 1178; baseline 0.002 -16"><span class='ocrx_word' id='word_1_90' title='bbox 324 1122 416 1163; x_wconf 85' lang='lat' dir='ltr'>Neo</span> <span class='ocrx_word' id='word_1_91' title='bbox 447 1127 592 1163; x_wconf 88' lang='lat' dir='ltr'>tamen</span> <span class='ocrx_word' id='word_1_92' title='bbox 622 1121 874 1163; x_wconf 88' lang='lat' dir='ltr'>omnimodis</span> <span class='ocrx_word' id='word_1_93' title='bbox 904 1123 1069 1164; x_wconf 85' lang='lat' dir='ltr'>conecti</span> <span class='ocrx_word' id='word_1_94' title='bbox 1099 1137 1220 1178; x_wconf 87' lang='lat' dir='ltr'>posse</span> <span class='ocrx_word' id='word_1_95' title='bbox 1251 1123 1492 1178; x_wconf 84' lang='lat' dir='ltr'>putandum</span> <span class='ocrx_word' id='word_1_96' title='bbox 1524 1130 1590 1165; x_wconf 90' lang='lat' dir='ltr'>est</span> <span class='ocrx_word' id='word_1_97' title='bbox 1656 1135 1740 1177; x_wconf 88' lang='lat'>700</span> 
     </span>
     <span class='ocr_line' id='line_1_15' title="bbox 265 1189 1279 1246; baseline -0.001 -13"><span class='ocrx_word' id='word_1_98' title='bbox 265 1191 434 1243; x_wconf 87' lang='lat' dir='ltr'>omnia;</span> <span class='ocrx_word' id='word_1_99' title='bbox 473 1205 571 1231; x_wconf 90' lang='lat' dir='ltr'>nam</span> <span class='ocrx_word' id='word_1_100' title='bbox 603 1189 723 1244; x_wconf 87' lang='lat' dir='ltr'>volgo</span> <span class='ocrx_word' id='word_1_101' title='bbox 753 1189 844 1231; x_wconf 89' lang='lat' dir='ltr'>fieri</span> <span class='ocrx_word' id='word_1_102' title='bbox 875 1196 1074 1246; x_wconf 87' lang='lat' dir='ltr'>portenta</span> <span class='ocrx_word' id='word_1_103' title='bbox 1104 1191 1279 1241; x_wconf 85' lang='lat' dir='ltr'>videres,</span> 
     </span>
     <span class='ocr_line' id='line_1_16' title="bbox 265 1259 1353 1314; baseline -0.001 -10"><span class='ocrx_word' id='word_1_104' title='bbox 265 1261 482 1304; x_wconf 87' lang='lat' dir='ltr'>semiferas</span> <span class='ocrx_word' id='word_1_105' title='bbox 512 1259 733 1301; x_wconf 87' lang='lat' dir='ltr'>hominum</span> <span class='ocrx_word' id='word_1_106' title='bbox 764 1259 925 1314; x_wconf 84' lang='lat' dir='ltr'>species</span> <span class='ocrx_word' id='word_1_107' title='bbox 957 1260 1138 1302; x_wconf 81' lang='lat' dir='ltr'>existere</span> <span class='ocrx_word' id='word_1_108' title='bbox 1169 1266 1214 1302; x_wconf 87' lang='lat' dir='ltr'>et</span> <span class='ocrx_word' id='word_1_109' title='bbox 1244 1261 1353 1304; x_wconf 82' lang='lat' dir='ltr'>altos</span> 
     </span>
     <span class='ocr_line' id='line_1_17' title="bbox 265 1327 1164 1384; baseline 0 -14"><span class='ocrx_word' id='word_1_110' title='bbox 265 1328 482 1370; x_wconf 88' lang='lat' dir='ltr'>interdum</span> <span class='ocrx_word' id='word_1_111' title='bbox 513 1342 650 1369; x_wconf 85' lang='lat' dir='ltr'>ramos</span> <span class='ocrx_word' id='word_1_112' title='bbox 681 1327 826 1384; x_wconf 83' lang='lat' dir='ltr'>egigni</span> <span class='ocrx_word' id='word_1_113' title='bbox 857 1342 1026 1383; x_wconf 88' lang='lat' dir='ltr'>corpore</span> <span class='ocrx_word' id='word_1_114' title='bbox 1057 1328 1164 1378; x_wconf 87' lang='lat' dir='ltr'>vivo,</span> 
     </span>
     <span class='ocr_line' id='line_1_18' title="bbox 264 1396 1366 1452; baseline 0.001 -13"><span class='ocrx_word' id='word_1_115' title='bbox 264 1397 486 1452; x_wconf 83' lang='lat' dir='ltr'>multaque</span> <span class='ocrx_word' id='word_1_116' title='bbox 516 1396 679 1438; x_wconf 87' lang='lat' dir='ltr'>conecti</span> <span class='ocrx_word' id='word_1_117' title='bbox 709 1396 927 1438; x_wconf 72' lang='lat' dir='ltr'>terrestria</span> <span class='ocrx_word' id='word_1_118' title='bbox 958 1396 1149 1438; x_wconf 85' lang='lat' dir='ltr'>membra</span> <span class='ocrx_word' id='word_1_119' title='bbox 1178 1397 1366 1448; x_wconf 83' lang='lat' dir='ltr'>marinis,</span> 
     </span>
     <span class='ocr_line' id='line_1_19' title="bbox 263 1465 1736 1522; baseline 0.001 -14"><span class='ocrx_word' id='word_1_120' title='bbox 263 1471 359 1508; x_wconf 84' lang='lat' dir='ltr'>tum</span> <span class='ocrx_word' id='word_1_121' title='bbox 390 1466 603 1507; x_wconf 87' lang='lat' dir='ltr'><strong>flammam</strong></span> <span class='ocrx_word' id='word_1_122' title='bbox 637 1470 774 1507; x_wconf 83' lang='lat' dir='ltr'>taetro</span> <span class='ocrx_word' id='word_1_123' title='bbox 805 1465 1006 1521; x_wconf 84' lang='lat' dir='ltr'>spirantis</span> <span class='ocrx_word' id='word_1_124' title='bbox 1037 1480 1106 1507; x_wconf 87' lang='lat' dir='ltr'>ore</span> <span class='ocrx_word' id='word_1_125' title='bbox 1138 1466 1384 1509; x_wconf 80' lang='lat' dir='ltr'><strong>Chimaeras</strong></span> <span class='ocrx_word' id='word_1_126' title='bbox 1655 1478 1736 1522; x_wconf 88' lang='lat'>705</span> 
     </span>
     <span class='ocr_line' id='line_1_20' title="bbox 263 1534 1278 1591; baseline 0.001 -15"><span class='ocrx_word' id='word_1_127' title='bbox 263 1549 432 1591; x_wconf 85' lang='lat' dir='ltr'>pascere</span> <span class='ocrx_word' id='word_1_128' title='bbox 463 1539 660 1575; x_wconf 88' lang='lat' dir='ltr'>naturam</span> <span class='ocrx_word' id='word_1_129' title='bbox 692 1549 768 1590; x_wconf 91' lang='lat' dir='ltr'>per</span> <span class='ocrx_word' id='word_1_130' title='bbox 797 1539 932 1576; x_wconf 85' lang='lat' dir='ltr'>terras</span> <span class='ocrx_word' id='word_1_131' title='bbox 962 1534 1278 1589; x_wconf 85' lang='lat' dir='ltr'>omniparentis.</span> 
     </span>
     <span class='ocr_line' id='line_1_21' title="bbox 264 1602 1438 1659; baseline 0.002 -16"><span class='ocrx_word' id='word_1_132' title='bbox 264 1617 443 1659; x_wconf 90' lang='lat' dir='ltr'>quorum</span> <span class='ocrx_word' id='word_1_133' title='bbox 473 1602 534 1644; x_wconf 86' lang='lat' dir='ltr'>nil</span> <span class='ocrx_word' id='word_1_134' title='bbox 565 1602 655 1644; x_wconf 89' lang='lat' dir='ltr'>fieri</span> <span class='ocrx_word' id='word_1_135' title='bbox 685 1602 961 1644; x_wconf 88' lang='lat' dir='ltr'>manifestum</span> <span class='ocrx_word' id='word_1_136' title='bbox 992 1608 1069 1652; x_wconf 88' lang='lat' dir='ltr'>est,</span> <span class='ocrx_word' id='word_1_137' title='bbox 1099 1602 1241 1644; x_wconf 89' lang='lat' dir='ltr'>omnia</span> <span class='ocrx_word' id='word_1_138' title='bbox 1271 1602 1438 1659; x_wconf 88' lang='lat' dir='ltr'>quando</span> 
     </span>
     <span class='ocr_line' id='line_1_22' title="bbox 263 1671 1220 1727; baseline -0.002 -13"><span class='ocrx_word' id='word_1_139' title='bbox 263 1671 497 1714; x_wconf 86' lang='lat' dir='ltr'>seminibus</span> <span class='ocrx_word' id='word_1_140' title='bbox 527 1671 654 1713; x_wconf 81' lang='lat' dir='ltr'>certis</span> <span class='ocrx_word' id='word_1_141' title='bbox 684 1677 800 1713; x_wconf 83' lang='lat' dir='ltr'>certa</span> <span class='ocrx_word' id='word_1_142' title='bbox 829 1671 1045 1727; x_wconf 82' lang='lat' dir='ltr'>genetrice</span> <span class='ocrx_word' id='word_1_143' title='bbox 1077 1677 1220 1713; x_wconf 86' lang='lat' dir='ltr'>creata</span> 
     </span>
     <span class='ocr_line' id='line_1_23' title="bbox 263 1740 1321 1796; baseline -0.001 -12"><span class='ocrx_word' id='word_1_144' title='bbox 263 1755 507 1784; x_wconf 86' lang='lat' dir='ltr'>conservare</span> <span class='ocrx_word' id='word_1_145' title='bbox 537 1755 673 1796; x_wconf 87' lang='lat' dir='ltr'>genus</span> <span class='ocrx_word' id='word_1_146' title='bbox 704 1741 936 1782; x_wconf 82' lang='lat' dir='ltr'>crescentia</span> <span class='ocrx_word' id='word_1_147' title='bbox 965 1755 1085 1796; x_wconf 88' lang='lat' dir='ltr'>posse</span> <span class='ocrx_word' id='word_1_148' title='bbox 1118 1740 1321 1783; x_wconf 84' lang='lat' dir='ltr'>videmus.</span> 
     </span>
     <span class='ocr_line' id='line_1_24' title="bbox 263 1808 1741 1865; baseline 0.001 -14"><span class='ocrx_word' id='word_1_149' title='bbox 263 1809 425 1852; x_wconf 84' lang='lat' dir='ltr'>scilicet</span> <span class='ocrx_word' id='word_1_150' title='bbox 454 1809 498 1850; x_wconf 88' lang='lat' dir='ltr'>id</span> <span class='ocrx_word' id='word_1_151' title='bbox 528 1814 644 1850; x_wconf 83' lang='lat' dir='ltr'>certa</span> <span class='ocrx_word' id='word_1_152' title='bbox 673 1808 766 1850; x_wconf 84' lang='lat' dir='ltr'>fieri</span> <span class='ocrx_word' id='word_1_153' title='bbox 796 1809 960 1850; x_wconf 86' lang='lat' dir='ltr'>ratione</span> <span class='ocrx_word' id='word_1_154' title='bbox 991 1814 1220 1850; x_wconf 81' lang='lat' dir='ltr'>necessust.</span> <span class='ocrx_word' id='word_1_155' title='bbox 1655 1821 1741 1865; x_wconf 92' lang='lat'>710</span> 
     </span>
     <span class='ocr_line' id='line_1_25' title="bbox 263 1877 1472 1932; baseline 0.001 -12"><span class='ocrx_word' id='word_1_156' title='bbox 263 1893 364 1920; x_wconf 88' lang='lat' dir='ltr'>nam</span> <span class='ocrx_word' id='word_1_157' title='bbox 394 1892 472 1920; x_wconf 87' lang='lat' dir='ltr'>sua</span> <span class='ocrx_word' id='word_1_158' title='bbox 501 1877 653 1932; x_wconf 78' lang='lat' dir='ltr'>cuique</span> <span class='ocrx_word' id='word_1_159' title='bbox 685 1877 790 1918; x_wconf 89' lang='lat' dir='ltr'>cibis</span> <span class='ocrx_word' id='word_1_160' title='bbox 821 1892 872 1919; x_wconf 82' lang='lat' dir='ltr'>ex</span> <span class='ocrx_word' id='word_1_161' title='bbox 903 1878 1100 1919; x_wconf 88' lang='lat' dir='ltr'>omnibus</span> <span class='ocrx_word' id='word_1_162' title='bbox 1131 1877 1249 1919; x_wconf 87' lang='lat' dir='ltr'>intus</span> <span class='ocrx_word' id='word_1_163' title='bbox 1278 1877 1323 1920; x_wconf 85' lang='lat' dir='ltr'>in</span> <span class='ocrx_word' id='word_1_164' title='bbox 1353 1885 1472 1921; x_wconf 88' lang='lat' dir='ltr'>artus</span> 
     </span>
     <span class='ocr_line' id='line_1_26' title="bbox 263 1947 1280 2003; baseline -0.001 -13"><span class='ocrx_word' id='word_1_165' title='bbox 263 1962 435 2003; x_wconf 88' lang='lat' dir='ltr'>corpora</span> <span class='ocrx_word' id='word_1_166' title='bbox 464 1947 688 1988; x_wconf 89' lang='lat' dir='ltr'>discedunt</span> <span class='ocrx_word' id='word_1_167' title='bbox 718 1961 960 2002; x_wconf 80' lang='lat' dir='ltr'>conexaque</span> <span class='ocrx_word' id='word_1_168' title='bbox 990 1947 1280 1989; x_wconf 82' lang='lat' dir='ltr'>convenientis</span> 
     </span>
     <span class='ocr_line' id='line_1_27' title="bbox 264 2016 1305 2066; baseline 0.001 -8"><span class='ocrx_word' id='word_1_169' title='bbox 264 2016 456 2059; x_wconf 84' lang='lat' dir='ltr'>efficiunt</span> <span class='ocrx_word' id='word_1_170' title='bbox 485 2020 653 2066; x_wconf 87' lang='lat' dir='ltr'>motus;</span> <span class='ocrx_word' id='word_1_171' title='bbox 691 2020 737 2056; x_wconf 86' lang='lat' dir='ltr'>at</span> <span class='ocrx_word' id='word_1_172' title='bbox 768 2023 914 2057; x_wconf 84' lang='lat' dir='ltr'>contra</span> <span class='ocrx_word' id='word_1_173' title='bbox 943 2016 1082 2058; x_wconf 88' lang='lat' dir='ltr'>aliena</span> <span class='ocrx_word' id='word_1_174' title='bbox 1113 2017 1305 2059; x_wconf 86' lang='lat' dir='ltr'>videmus</span> 
     </span>
     <span class='ocr_line' id='line_1_28' title="bbox 263 2084 1316 2140; baseline 0 -13"><span class='ocrx_word' id='word_1_175' title='bbox 263 2085 420 2127; x_wconf 84' lang='lat' dir='ltr'>reicere</span> <span class='ocrx_word' id='word_1_176' title='bbox 449 2084 494 2125; x_wconf 92' lang='lat' dir='ltr'>in</span> <span class='ocrx_word' id='word_1_177' title='bbox 525 2089 659 2125; x_wconf 86' lang='lat' dir='ltr'>terras</span> <span class='ocrx_word' id='word_1_178' title='bbox 689 2089 898 2133; x_wconf 87' lang='lat' dir='ltr'>naturam,</span> <span class='ocrx_word' id='word_1_179' title='bbox 931 2085 1152 2140; x_wconf 85' lang='lat' dir='ltr'>multaque</span> <span class='ocrx_word' id='word_1_180' title='bbox 1183 2086 1316 2128; x_wconf 87' lang='lat' dir='ltr'>caecis</span> 
     </span>
     <span class='ocr_line' id='line_1_29' title="bbox 263 2153 1733 2212; baseline 0.001 -16"><span class='ocrx_word' id='word_1_181' title='bbox 263 2154 506 2210; x_wconf 86' lang='lat' dir='ltr'>corporibus</span> <span class='ocrx_word' id='word_1_182' title='bbox 537 2153 710 2210; x_wconf 85' lang='lat' dir='ltr'>fugiunt</span> <span class='ocrx_word' id='word_1_183' title='bbox 740 2168 763 2195; x_wconf 88' lang='lat' dir='ltr'>e</span> <span class='ocrx_word' id='word_1_184' title='bbox 794 2168 965 2209; x_wconf 89' lang='lat' dir='ltr'>corpore</span> <span class='ocrx_word' id='word_1_185' title='bbox 995 2154 1157 2209; x_wconf 87' lang='lat' dir='ltr'>percita</span> <span class='ocrx_word' id='word_1_186' title='bbox 1187 2155 1335 2212; x_wconf 85' lang='lat' dir='ltr'>plagis,</span> <span class='ocrx_word' id='word_1_187' title='bbox 1654 2166 1733 2210; x_wconf 88' lang='lat'>715</span> 
     </span>
     <span class='ocr_line' id='line_1_30' title="bbox 264 2222 1506 2280; baseline 0.002 -15"><span class='ocrx_word' id='word_1_188' title='bbox 264 2238 373 2280; x_wconf 90' lang='lat' dir='ltr'>quae</span> <span class='ocrx_word' id='word_1_189' title='bbox 402 2237 540 2278; x_wconf 89' lang='lat' dir='ltr'>neque</span> <span class='ocrx_word' id='word_1_190' title='bbox 571 2222 734 2264; x_wconf 86' lang='lat' dir='ltr'>conecti</span> <span class='ocrx_word' id='word_1_191' title='bbox 765 2237 978 2278; x_wconf 89' lang='lat' dir='ltr'>quoquam</span> <span class='ocrx_word' id='word_1_192' title='bbox 1009 2228 1187 2278; x_wconf 88' lang='lat' dir='ltr'>potuere</span> <span class='ocrx_word' id='word_1_193' title='bbox 1217 2239 1357 2280; x_wconf 87' lang='lat' dir='ltr'>neque</span> <span class='ocrx_word' id='word_1_194' title='bbox 1387 2224 1506 2267; x_wconf 87' lang='lat' dir='ltr'>intus</span> 
     </span>
     <span class='ocr_line' id='line_1_31' title="bbox 264 2291 1209 2347; baseline -0.001 -12"><span class='ocrx_word' id='word_1_195' title='bbox 264 2292 407 2335; x_wconf 86' lang='lat' dir='ltr'>vitalis</span> <span class='ocrx_word' id='word_1_196' title='bbox 437 2297 580 2333; x_wconf 89' lang='lat' dir='ltr'>motus</span> <span class='ocrx_word' id='word_1_197' title='bbox 610 2291 848 2333; x_wconf 87' lang='lat' dir='ltr'>consentire</span> <span class='ocrx_word' id='word_1_198' title='bbox 878 2297 1009 2347; x_wconf 86' lang='lat' dir='ltr'>atque</span> <span class='ocrx_word' id='word_1_199' title='bbox 1039 2291 1209 2334; x_wconf 88' lang='lat' dir='ltr'>imitari.</span> 
     </span>
     <span class='ocr_line' id='line_1_32' title="bbox 263 2360 1233 2416; baseline 0 -12"><span class='ocrx_word' id='word_1_200' title='bbox 263 2361 338 2404; x_wconf 84' lang='lat' dir='ltr'>sed</span> <span class='ocrx_word' id='word_1_201' title='bbox 366 2376 422 2403; x_wconf 88' lang='lat' dir='ltr'>ne</span> <span class='ocrx_word' id='word_1_202' title='bbox 452 2361 559 2402; x_wconf 86' lang='lat' dir='ltr'>forte</span> <span class='ocrx_word' id='word_1_203' title='bbox 590 2366 716 2416; x_wconf 84' lang='lat' dir='ltr'>putes</span> <span class='ocrx_word' id='word_1_204' title='bbox 747 2360 950 2403; x_wconf 90' lang='lat' dir='ltr'>animalia</span> <span class='ocrx_word' id='word_1_205' title='bbox 978 2361 1066 2403; x_wconf 88' lang='lat' dir='ltr'>sola</span> <span class='ocrx_word' id='word_1_206' title='bbox 1095 2362 1233 2404; x_wconf 88' lang='lat' dir='ltr'>teneri</span> 
     </span>
    </p>
   </div>
   <div class='ocr_carea' id='block_1_3' title="bbox 146 2504 1740 2977">
    <p class='ocr_par' dir='ltr' id='par_1_3' title="bbox 146 2504 1740 2977">
     <span class='ocr_line' id='line_1_33' title="bbox 146 2504 1740 2548; baseline 0.002 -11"><span class='ocrx_word' id='word_1_207' title='bbox 146 2505 185 2539; x_wconf 84' lang='lat' dir='ltr'>it.</span> <span class='ocrx_word' id='word_1_208' title='bbox 320 2505 382 2538; x_wconf 87' lang='lat'>693</span> <span class='ocrx_word' id='word_1_209' title='bbox 406 2505 509 2536; x_wconf 80' lang='lat' dir='ltr'>isdem</span> <span class='ocrx_word' id='word_1_210' title='bbox 530 2504 648 2537; x_wconf 85' lang='lat' dir='ltr'>Lamb.</span> <span class='ocrx_word' id='word_1_211' title='bbox 675 2505 728 2537; x_wconf 84' lang='lat' dir='ltr'>for</span> <span class='ocrx_word' id='word_1_212' title='bbox 748 2506 851 2537; x_wconf 85' lang='lat' dir='ltr'>idem:</span> <span class='ocrx_word' id='word_1_213' title='bbox 880 2505 988 2545; x_wconf 87' lang='lat' dir='ltr'>‘quod</span> <span class='ocrx_word' id='word_1_214' title='bbox 1011 2507 1062 2538; x_wconf 82' lang='lat' dir='ltr'>est</span> <span class='ocrx_word' id='word_1_215' title='bbox 1087 2516 1170 2539; x_wconf 85' lang='lat' dir='ltr'>sane</span> <span class='ocrx_word' id='word_1_216' title='bbox 1196 2505 1499 2548; x_wconf 84' lang='lat' dir='ltr'>simplicissimum,</span> <span class='ocrx_word' id='word_1_217' title='bbox 1525 2508 1583 2540; x_wconf 83' lang='lat' dir='ltr'>sed</span> <span class='ocrx_word' id='word_1_218' title='bbox 1607 2508 1740 2540; x_wconf 83' lang='lat' dir='ltr'>videtur</span> 
     </span>
     <span class='ocr_line' id='line_1_34' title="bbox 148 2559 1739 2602; baseline 0.002 -11"><span class='ocrx_word' id='word_1_219' title='bbox 148 2559 326 2591; x_wconf 82' lang='lat' dir='ltr'>abhorrere</span> <span class='ocrx_word' id='word_1_220' title='bbox 349 2559 392 2591; x_wconf 85' lang='lat' dir='ltr'>ab</span> <span class='ocrx_word' id='word_1_221' title='bbox 412 2569 476 2591; x_wconf 87' lang='lat' dir='ltr'>usu</span> <span class='ocrx_word' id='word_1_222' title='bbox 499 2559 666 2591; x_wconf 79' lang='lat' dir='ltr'>Lucretii&#39;</span> <span class='ocrx_word' id='word_1_223' title='bbox 690 2569 766 2600; x_wconf 84' lang='lat' dir='ltr'>says</span> <span class='ocrx_word' id='word_1_224' title='bbox 790 2559 895 2591; x_wconf 86' lang='lat' dir='ltr'>Lach.</span> <span class='ocrx_word' id='word_1_225' title='bbox 918 2560 993 2592; x_wconf 89' lang='lat' dir='ltr'>who</span> <span class='ocrx_word' id='word_1_226' title='bbox 1016 2560 1113 2592; x_wconf 87' lang='lat' dir='ltr'>reads</span> <span class='ocrx_word' id='word_1_227' title='bbox 1135 2562 1336 2602; x_wconf 82' lang='lat' dir='ltr'>awkwardly</span> <span class='ocrx_word' id='word_1_228' title='bbox 1357 2564 1445 2594; x_wconf 48' lang='lat' dir='ltr'>&#39;nulli</span> <span class='ocrx_word' id='word_1_229' title='bbox 1467 2563 1520 2595; x_wconf 84' lang='lat' dir='ltr'>for</span> <span class='ocrx_word' id='word_1_230' title='bbox 1541 2564 1647 2600; x_wconf 79' lang='lat' dir='ltr'>nulla,</span> <span class='ocrx_word' id='word_1_231' title='bbox 1671 2563 1739 2595; x_wconf 88' lang='lat' dir='ltr'>and</span> 
     </span>
     <span class='ocr_line' id='line_1_35' title="bbox 146 2613 1737 2656; baseline 0.003 -10"><span class='ocrx_word' id='word_1_232' title='bbox 146 2615 244 2646; x_wconf 82' lang='lat' dir='ltr'>idem.</span> <span class='ocrx_word' id='word_1_233' title='bbox 288 2614 358 2646; x_wconf 88' lang='lat' dir='ltr'>But</span> <span class='ocrx_word' id='word_1_234' title='bbox 380 2614 461 2646; x_wconf 87' lang='lat' dir='ltr'>here</span> <span class='ocrx_word' id='word_1_235' title='bbox 484 2613 552 2646; x_wconf 84' lang='lat' dir='ltr'>and</span> <span class='ocrx_word' id='word_1_236' title='bbox 574 2623 595 2645; x_wconf 88' lang='lat' dir='ltr'>v</span> <span class='ocrx_word' id='word_1_237' title='bbox 617 2614 680 2647; x_wconf 85' lang='lat'>349</span> <span class='ocrx_word' id='word_1_238' title='bbox 703 2614 803 2646; x_wconf 85' lang='lat' dir='ltr'>Lucr.</span> <span class='ocrx_word' id='word_1_239' title='bbox 828 2615 1114 2656; x_wconf 85' lang='lat' dir='ltr'>unquestionably</span> <span class='ocrx_word' id='word_1_240' title='bbox 1137 2617 1218 2648; x_wconf 84' lang='lat' dir='ltr'>used</span> <span class='ocrx_word' id='word_1_241' title='bbox 1241 2619 1353 2655; x_wconf 85' lang='lat' dir='ltr'>isdem,</span> <span class='ocrx_word' id='word_1_242' title='bbox 1371 2627 1408 2649; x_wconf 83' lang='lat' dir='ltr'>as</span> <span class='ocrx_word' id='word_1_243' title='bbox 1432 2617 1489 2649; x_wconf 82' lang='lat' dir='ltr'>did</span> <span class='ocrx_word' id='word_1_244' title='bbox 1511 2617 1566 2649; x_wconf 86' lang='lat' dir='ltr'>his</span> <span class='ocrx_word' id='word_1_245' title='bbox 1588 2620 1737 2650; x_wconf 87' lang='lat' dir='ltr'>contem-</span> 
     </span>
     <span class='ocr_line' id='line_1_36' title="bbox 147 2667 1737 2713; baseline 0.003 -14"><span class='ocrx_word' id='word_1_246' title='bbox 147 2668 307 2709; x_wconf 86' lang='lat' dir='ltr'>poraries.</span> <span class='ocrx_word' id='word_1_247' title='bbox 487 2667 549 2699; x_wconf 85' lang='lat'>694</span> <span class='ocrx_word' id='word_1_248' title='bbox 580 2673 731 2700; x_wconf 77' lang='lat' dir='ltr'>constant</span> <span class='ocrx_word' id='word_1_249' title='bbox 761 2668 824 2700; x_wconf 89' lang='lat' dir='ltr'>Ed.</span> <span class='ocrx_word' id='word_1_250' title='bbox 859 2668 942 2700; x_wconf 87' lang='lat' dir='ltr'>with</span> <span class='ocrx_word' id='word_1_251' title='bbox 971 2669 999 2699; x_wconf 92' lang='lat' dir='ltr'>B</span> <span class='ocrx_word' id='word_1_252' title='bbox 1029 2669 1120 2700; x_wconf 83' lang='lat' dir='ltr'>Nico.</span> <span class='ocrx_word' id='word_1_253' title='bbox 1140 2669 1191 2711; x_wconf 67' lang='lat'>(52),</span> <span class='ocrx_word' id='word_1_254' title='bbox 1223 2670 1340 2702; x_wconf 84' lang='lat' dir='ltr'>Camb.</span> <span class='ocrx_word' id='word_1_255' title='bbox 1372 2672 1464 2702; x_wconf 90' lang='lat' dir='ltr'>Mon.</span> <span class='ocrx_word' id='word_1_256' title='bbox 1495 2671 1613 2704; x_wconf 84' lang='lat' dir='ltr'>Lamb.</span> <span class='ocrx_word' id='word_1_257' title='bbox 1648 2672 1737 2713; x_wconf 86' lang='lat' dir='ltr'>vulg.</span> 
     </span>
     <span class='ocr_line' id='line_1_37' title="bbox 147 2721 1738 2758; baseline 0.003 -4"><span class='ocrx_word' id='word_1_258' title='bbox 147 2727 292 2754; x_wconf 77' lang='lat' dir='ltr'>constent</span> <span class='ocrx_word' id='word_1_259' title='bbox 306 2721 413 2754; x_wconf 80' lang='lat' dir='ltr'>Lach.</span> <span class='ocrx_word' id='word_1_260' title='bbox 430 2721 512 2753; x_wconf 85' lang='lat' dir='ltr'>with</span> <span class='ocrx_word' id='word_1_261' title='bbox 527 2722 557 2752; x_wconf 92' lang='lat' dir='ltr'>A</span> <span class='ocrx_word' id='word_1_262' title='bbox 572 2731 676 2754; x_wconf 60' lang='grc' dir='ltr'>(ποτὶ-,ε</span> <span class='ocrx_word' id='word_1_263' title='bbox 702 2732 755 2753; x_wconf 88' lang='lat' dir='ltr'>see</span> <span class='ocrx_word' id='word_1_264' title='bbox 771 2723 844 2755; x_wconf 87' lang='lat'><strong>337.</strong></span> <span class='ocrx_word' id='word_1_265' title='bbox 977 2723 1040 2756; x_wconf 87' lang='lat'>696</span> <span class='ocrx_word' id='word_1_266' title='bbox 1056 2724 1108 2754; x_wconf 84' lang='lat' dir='ltr'>for</span> <span class='ocrx_word' id='word_1_267' title='bbox 1129 2733 1237 2755; x_wconf 76' lang='lat' dir='ltr'>rerum</span> <span class='ocrx_word' id='word_1_268' title='bbox 1256 2725 1295 2756; x_wconf 83' lang='lat' dir='ltr'>‘f.</span> <span class='ocrx_word' id='word_1_269' title='bbox 1312 2734 1430 2756; x_wconf 82' lang='lat' dir='ltr'>verum</span> <span class='ocrx_word' id='word_1_270' title='bbox 1447 2725 1543 2756; x_wconf 85' lang='lat' dir='ltr'>G.V.&#39;</span> <span class='ocrx_word' id='word_1_271' title='bbox 1559 2726 1597 2757; x_wconf 85' lang='lat' dir='ltr'>in</span> <span class='ocrx_word' id='word_1_272' title='bbox 1613 2725 1738 2758; x_wconf 83' lang='lat' dir='ltr'>Isaao’s</span> 
     </span>
     <span class='ocr_line' id='line_1_38' title="bbox 147 2775 1736 2819; baseline 0.003 -12"><span class='ocrx_word' id='word_1_273' title='bbox 147 2785 211 2808; x_wconf 83' lang='lat' dir='ltr'>ms.</span> <span class='ocrx_word' id='word_1_274' title='bbox 246 2777 360 2807; x_wconf 81' lang='lat' dir='ltr'>notes:</span> <span class='ocrx_word' id='word_1_275' title='bbox 384 2775 453 2807; x_wconf 82' lang='lat' dir='ltr'>and</span> <span class='ocrx_word' id='word_1_276' title='bbox 479 2775 591 2806; x_wconf 86' lang='lat' dir='ltr'>before</span> <span class='ocrx_word' id='word_1_277' title='bbox 617 2775 691 2807; x_wconf 90' lang='lat' dir='ltr'>him</span> <span class='ocrx_word' id='word_1_278' title='bbox 717 2776 838 2813; x_wconf 91' lang='lat' dir='ltr'>Pont.;</span> <span class='ocrx_word' id='word_1_279' title='bbox 871 2776 941 2808; x_wconf 81' lang='lat' dir='ltr'>and</span> <span class='ocrx_word' id='word_1_280' title='bbox 963 2787 1000 2808; x_wconf 91' lang='lat' dir='ltr'>so</span> <span class='ocrx_word' id='word_1_281' title='bbox 1026 2776 1148 2808; x_wconf 84' lang='lat' dir='ltr'>Laeh.:</span> <span class='ocrx_word' id='word_1_282' title='bbox 1179 2780 1236 2818; x_wconf 86' lang='lat' dir='ltr'>yet</span> <span class='ocrx_word' id='word_1_283' title='bbox 1265 2780 1357 2819; x_wconf 70' lang='lat' dir='ltr'>lonye</span> <span class='ocrx_word' id='word_1_284' title='bbox 1382 2779 1419 2810; x_wconf 91' lang='lat' dir='ltr'>of</span> <span class='ocrx_word' id='word_1_285' title='bbox 1439 2779 1528 2810; x_wconf 90' lang='lat' dir='ltr'>Flor.</span> <span class='ocrx_word' id='word_1_286' title='bbox 1554 2780 1595 2811; x_wconf 85' lang='lat'>31</span> <span class='ocrx_word' id='word_1_287' title='bbox 1619 2780 1736 2812; x_wconf 88' lang='lat' dir='ltr'>Camb.</span> 
     </span>
     <span class='ocr_line' id='line_1_39' title="bbox 149 2829 1739 2876; baseline 0.004 -16"><span class='ocrx_word' id='word_1_288' title='bbox 149 2830 232 2862; x_wconf 86' lang='lat' dir='ltr'>Mar.</span> <span class='ocrx_word' id='word_1_289' title='bbox 259 2839 339 2869; x_wconf 86' lang='lat' dir='ltr'>may</span> <span class='ocrx_word' id='word_1_290' title='bbox 354 2829 395 2861; x_wconf 86' lang='lat' dir='ltr'>be</span> <span class='ocrx_word' id='word_1_291' title='bbox 418 2829 520 2869; x_wconf 83' lang='lat' dir='ltr'>right,</span> <span class='ocrx_word' id='word_1_292' title='bbox 537 2839 575 2861; x_wconf 84' lang='lat' dir='ltr'>as</span> <span class='ocrx_word' id='word_1_293' title='bbox 600 2829 658 2861; x_wconf 80' lang='lat' dir='ltr'>the</span> <span class='ocrx_word' id='word_1_294' title='bbox 683 2830 791 2862; x_wconf 78' lang='lat' dir='ltr'>scribe</span> <span class='ocrx_word' id='word_1_295' title='bbox 816 2831 926 2872; x_wconf 85' lang='lat' dir='ltr'>might</span> <span class='ocrx_word' id='word_1_296' title='bbox 941 2832 1016 2862; x_wconf 89' lang='lat' dir='ltr'>well</span> <span class='ocrx_word' id='word_1_297' title='bbox 1037 2831 1132 2863; x_wconf 82' lang='lat' dir='ltr'>write</span> <span class='ocrx_word' id='word_1_298' title='bbox 1149 2834 1336 2872; x_wconf 82' lang='lat' dir='ltr'>primordia</span> <span class='ocrx_word' id='word_1_299' title='bbox 1360 2843 1469 2865; x_wconf 81' lang='lat' dir='ltr'>rerum</span> <span class='ocrx_word' id='word_1_300' title='bbox 1492 2834 1739 2876; x_wconf 82' lang='lat' dir='ltr'>mechanically</span> 
     </span>
     <span class='ocr_line' id='line_1_40' title="bbox 148 2883 1738 2928; baseline 0.004 -13"><span class='ocrx_word' id='word_1_301' title='bbox 148 2884 237 2916; x_wconf 87' lang='lat' dir='ltr'>from</span> <span class='ocrx_word' id='word_1_302' title='bbox 266 2883 325 2915; x_wconf 85' lang='lat' dir='ltr'>the</span> <span class='ocrx_word' id='word_1_303' title='bbox 354 2893 445 2915; x_wconf 86' lang='lat' dir='ltr'>mere</span> <span class='ocrx_word' id='word_1_304' title='bbox 475 2884 543 2915; x_wconf 79' lang='lat' dir='ltr'>fact</span> <span class='ocrx_word' id='word_1_305' title='bbox 574 2883 611 2915; x_wconf 89' lang='lat' dir='ltr'>of</span> <span class='ocrx_word' id='word_1_306' title='bbox 638 2884 735 2916; x_wconf 79' lang='lat' dir='ltr'>these</span> <span class='ocrx_word' id='word_1_307' title='bbox 761 2885 871 2917; x_wconf 84' lang='lat' dir='ltr'>words</span> <span class='ocrx_word' id='word_1_308' title='bbox 901 2896 938 2917; x_wconf 88' lang='lat' dir='ltr'>so</span> <span class='ocrx_word' id='word_1_309' title='bbox 969 2886 1062 2918; x_wconf 85' lang='lat' dir='ltr'>often</span> <span class='ocrx_word' id='word_1_310' title='bbox 1093 2887 1228 2927; x_wconf 85' lang='lat' dir='ltr'>coming</span> <span class='ocrx_word' id='word_1_311' title='bbox 1258 2888 1423 2928; x_wconf 81' lang='lat' dir='ltr'>together.</span> <span class='ocrx_word' id='word_1_312' title='bbox 1555 2888 1617 2921; x_wconf 84' lang='lat'>716</span> <span class='ocrx_word' id='word_1_313' title='bbox 1647 2891 1738 2922; x_wconf 81' lang='lat' dir='ltr'>intus</span> 
     </span>
     <span class='ocr_line' id='line_1_41' title="bbox 148 2937 1732 2977; baseline 0.004 -8"><span class='ocrx_word' id='word_1_314' title='bbox 148 2937 252 2970; x_wconf 83' lang='lat' dir='ltr'>Lach.</span> <span class='ocrx_word' id='word_1_315' title='bbox 276 2937 328 2969; x_wconf 85' lang='lat' dir='ltr'>for</span> <span class='ocrx_word' id='word_1_316' title='bbox 356 2939 438 2970; x_wconf 79' lang='lat' dir='ltr'>inte.</span> <span class='ocrx_word' id='word_1_317' title='bbox 483 2939 572 2969; x_wconf 79' lang='lat' dir='ltr'>inter</span> <span class='ocrx_word' id='word_1_318' title='bbox 592 2937 621 2969; x_wconf 92' lang='lat' dir='ltr'>B</span> <span class='ocrx_word' id='word_1_319' title='bbox 645 2947 729 2970; x_wconf 85' lang='lat' dir='ltr'>corr.</span> <span class='ocrx_word' id='word_1_320' title='bbox 755 2938 871 2972; x_wconf 85' lang='lat' dir='ltr'>Camb.</span> <span class='ocrx_word' id='word_1_321' title='bbox 917 2941 1009 2972; x_wconf 77' lang='lat' dir='ltr'>intra</span> <span class='ocrx_word' id='word_1_322' title='bbox 1031 2940 1149 2974; x_wconf 59' lang='lat' dir='ltr'>Nica:</span> <span class='ocrx_word' id='word_1_323' title='bbox 1180 2943 1364 2974; x_wconf 81' lang='lat' dir='ltr'>consentire</span> <span class='ocrx_word' id='word_1_324' title='bbox 1388 2941 1418 2973; x_wconf 80' lang='lat' dir='ltr'>is</span> <span class='ocrx_word' id='word_1_325' title='bbox 1441 2941 1520 2975; x_wconf 84' lang='lat' dir='ltr'>here</span> <span class='ocrx_word' id='word_1_326' title='bbox 1543 2942 1732 2977; x_wconf 83' lang='lat' dir='ltr'>transitive.</span> 
     </span>
    </p>
   </div>
  </div>
 </body>
</html>
