1997 3267
296 192 375 232 106
1060 189 1108 231 II

402 295 586 337 efficitur
615 296 819 351 quiddam
850 297 1106 352 quadratum
1138 310 1307 351 unaque
1337 296 1485 352 figura,

400 364 690 413 conveniebat,
720 371 770 406 ut
800 365 845 406 in
875 366 1082 420 quadrato
1111 365 1322 406 cernimus
1352 379 1442 406 esse
1791 369 1876 422 780

401 433 628 475 dissimiles
659 433 825 482 formas,
856 433 919 474 ita
949 448 1117 475 cernere
1147 433 1193 474 in
1223 447 1404 487 aequore
1435 432 1558 488 ponti

401 507 477 542 aut
506 501 588 542 alio
618 501 663 542 in
694 501 842 556 quovis
873 515 958 542 uno
988 516 1178 556 puroque
1209 501 1348 542 nitore

400 568 624 609 dissimiles
654 568 778 623 longe
808 568 922 609 inter
951 582 995 609 se
1027 569 1247 623 variosque
1277 568 1445 610 colores.

399 640 621 690 praeterea
650 635 710 675 nil
741 635 932 676 officiunt
962 635 1219 690 obstantque
1250 635 1411 691 figurae

399 703 626 744 dissimiles
657 717 739 757 quo
769 702 1025 757 quadratum
1057 704 1198 745 minus
1228 718 1351 744 omne
1381 704 1438 744 sit
1469 709 1616 758 extra3
1788 707 1868 759 785

400 776 446 812 at
476 770 581 811 varii
611 785 752 812 rerum
782 770 1010 825 inpediunt
1039 771 1352 826 prohibentque
1382 771 1538 813 colores

399 839 624 894 quominus
654 853 744 880 esse
775 853 860 879 uno
889 839 1022 893 possit
1051 854 1117 881 res
1146 845 1238 881 tota
1268 840 1415 883 nitore.

455 905 566 946 Tum
596 920 716 960 porro
747 920 855 960 quae
885 905 1004 947 ducit
1035 912 1079 948 et
1109 907 1246 948 inlicit
1276 912 1326 948 ut
1356 907 1596 949 tribuamus

396 971 616 1027 principiis
645 986 787 1013 rerum
817 986 1137 1027 nonnumquam
1169 987 1295 1014 causa
1326 973 1491 1022 colores,

397 1040 563 1089 occidit,
593 1055 644 1082 ex
676 1040 784 1081 albis
813 1040 1014 1094 quoniam
1046 1056 1129 1082 non
1160 1041 1257 1082 alba
1286 1047 1492 1090 creantur,
1785 1051 1872 1096 790

398 1123 476 1149 nec
507 1123 613 1163 quae
644 1108 766 1164 nigra
795 1108 940 1150 cluent
971 1108 1023 1150 de
1054 1109 1186 1165 nigris
1216 1109 1290 1150 sed
1321 1109 1446 1150 variis
1477 1124 1539 1151 ex,

397 1176 554 1231 quippe
586 1175 746 1217 etenim
777 1176 912 1217 multo
942 1176 1168 1231 proclivius
1199 1176 1443 1218 exorientur

397 1243 576 1284 candida
606 1243 658 1285 de
689 1243 805 1284 nullo
836 1258 965 1299 quarn
995 1244 1115 1300 nigro
1145 1250 1247 1285 nata
1277 1244 1412 1286 colore

397 1317 473 1353 aut
504 1312 585 1354 3110
617 1312 764 1367 quovis
796 1312 869 1366 qui
899 1318 1046 1353 contra
1074 1318 1239 1368 pugnet
1270 1318 1314 1354 et
1344 1313 1494 1354 obstet.

454 1380 678 1421 Praeterea
709 1379 908 1435 quoniam
938 1387 1159 1434 nequeunt
1189 1380 1279 1421 sine
1310 1380 1402 1422 luce
1434 1381 1590 1423 colores
1782 1391 1862 1435 795

396 1463 485 1490 esse
515 1463 653 1503 neque
684 1448 729 1489 in
759 1449 897 1489 lucem
929 1448 1120 1489 existunt
1150 1449 1378 1503 primordia
1408 1464 1561 1499 rerum,

394 1516 499 1558 scire
531 1517 631 1558 licet
661 1532 789 1572 quam
820 1517 906 1558 sint
938 1517 1053 1558 nullo
1085 1517 1225 1558 velata
1255 1518 1399 1559 colore.

398 1585 533 1641 qualis
564 1585 677 1627 enim
709 1585 842 1626 caecis
872 1585 1030 1639 poterit
1061 1586 1172 1627 color
1201 1600 1290 1627 esse
1322 1586 1537 1627 tenebris?

396 1652 556 1694 lumine
587 1653 690 1708 quin
722 1653 812 1708 ipso
842 1658 1037 1694 mutatur
1066 1659 1289 1708 propterea
1319 1654 1430 1708 quod

394 1726 510 1762 recta
539 1727 615 1762 aut
646 1721 816 1776 obliqua
846 1736 1068 1776 percussus
1100 1722 1190 1762 luce
1220 1722 1427 1778 refulget;
1784 1725 1868 1765 800

394 1788 542 1844 pluma
571 1789 861 1830 columbarum
893 1804 975 1844 quo
1007 1795 1130 1844 pacto
1160 1789 1205 1830 in
1236 1790 1320 1831 sole
1352 1790 1532 1840 videtur,

393 1870 502 1910 quae
533 1856 615 1897 sita
645 1856 825 1897 cervices
856 1856 1014 1897 circum
1045 1857 1282 1912 collumque
1314 1863 1512 1910 coronat;

391 1939 575 1979 namque
604 1925 707 1966 alias
737 1925 787 1966 fit
817 1925 883 1966 uti
913 1926 1023 1967 claro
1053 1926 1108 1967 sit
1138 1927 1266 1968 rubra
1295 1941 1465 1982 pyropo,

391 1992 607 2034 interdum
638 1993 820 2048 quodam
850 2008 974 2035 sensu
1005 1994 1055 2035 fit
1087 1994 1152 2035 uti
1182 1994 1378 2036 videatur

392 2060 505 2102 inter
535 2062 741 2102 curalium
773 2062 919 2103 viridis
952 2062 1124 2103 miscere
1157 2063 1412 2118 zmaragdos.
1781 2064 1860 2115 805

392 2130 610 2183 caudaque
640 2130 827 2184 pavonis,
858 2130 975 2186 larga
1006 2145 1103 2170 cum
1133 2130 1227 2171 luce
1257 2131 1422 2185 repleta
1453 2137 1529 2180 est,

392 2196 601 2237 consimili
631 2202 772 2237 mutat
802 2197 965 2238 ratione
996 2197 1171 2239 obversa
1201 2198 1383 2250 colores;

321 2323 382 2354 779
406 2332 535 2362 unaque
551 2324 666 2362 figura
690 2323 782 2354 Nico.
808 2322 860 2354 for
879 2333 1011 2364 unaque
1027 2325 1168 2364 figuras.
1216 2335 1349 2365 unaque
1366 2326 1481 2366 figura
1501 2332 1548 2358 est
1569 2327 1660 2360 Flor.
1684 2327 1724 2359 31
1746 2327 1859 2360 Camb.

278 2376 360 2408 Mar.
381 2376 474 2408 Junt.
516 2387 662 2417 unaeque
671 2378 803 2417 figurae
819 2378 938 2409 Lamb.
956 2378 1041 2410 after
1057 2379 1226 2416 Muretus3
1253 2383 1386 2412 ‘contra
1402 2381 1683 2413 consuetudinem
1698 2381 1863 2414 Lucretii'

278 2439 354 2470 says
370 2430 475 2461 Lach.
650 2432 712 2463 780
726 2436 764 2462 ut
779 2432 815 2462 in
831 2431 936 2462 Lach.
954 2432 1006 2463 for
1021 2434 1073 2463 uti
1090 2434 1147 2464 in:
1172 2442 1225 2464 see
1241 2434 1313 2465 322.
1500 2436 1561 2467 781
1577 2436 1614 2466 in
1629 2446 1767 2476 aequore
1783 2436 1861 2468 Ver.
1909 2451 1914 2454 -

278 2483 360 2515 Ven.
377 2483 525 2515 Politian
542 2484 583 2524 (ἳ)
601 2484 685 2515 Mar.
703 2484 799 2516 Junt.
817 2486 868 2516 for
884 2488 919 2517 in
936 2496 1089 2526 aequora.
1224 2488 1285 2519 783
1301 2489 1422 2519 colores
1438 2487 1529 2520 Nice.
1547 2489 1598 2519 for
1613 2491 1747 2522 calores.

320 2538 381 2570 785
403 2543 498 2569 extra
519 2548 627 2569 seems
648 2538 740 2577 quite
761 2541 996 2580 appropriate:
1020 2540 1124 2572 Lach.
1148 2541 1246 2573 reads
1262 2552 1302 2573 ex
1319 2543 1381 2573 his.
1514 2544 1575 2575 788
1591 2545 1684 2575 ducit
1701 2549 1732 2576 et
1747 2545 1861 2576 inlicit

276 2596 314 2621 ut
338 2592 517 2622 tribuamus
539 2591 656 2623 Lamb.
678 2592 747 2623 and
771 2593 916 2626 Turneb.
944 2595 996 2625 for
1015 2595 1107 2626 ducit
1129 2601 1159 2626 et
1181 2597 1318 2627 inlicita
1340 2597 1522 2627 tribuamus
1544 2599 1589 2637 (et
1611 2606 1677 2630 om.
1696 2597 1726 2629 A
1740 2598 1859 2638 Nica).

277 2644 369 2674 ducit
384 2646 421 2675 in
437 2646 566 2675 licitum
585 2649 621 2675 ut
639 2646 819 2677 tribuamus
837 2646 953 2678 Camb.
998 2652 1035 2678 ut
1052 2649 1206 2679 illicitum
1223 2650 1279 2680 hoc
1298 2650 1478 2680 tribuamus
1494 2649 1576 2681 Mar.
1597 2649 1691 2682 Junt.

320 2700 382 2731 790
404 2705 557 2731 creantur
579 2700 671 2731 Nice.
696 2701 748 2731 for
770 2706 910 2734 creatur.
1057 2704 1117 2735 791
1141 2704 1208 2735 Nec
1232 2714 1315 2744 quae
1338 2704 1429 2735 Flor.
1454 2705 1493 2736 31
1519 2705 1632 2738 Camb.
1660 2706 1712 2737 for
1733 2707 1855 2746 Neque.

277 2755 382 2784 variis
405 2763 443 2784 ex
464 2753 562 2784 Wak.
586 2754 638 2784 for
659 2756 766 2785 variis
790 2765 836 2786 ea.
895 2757 1031 2788 variata
1053 2756 1154 2788 Pont.
1209 2759 1388 2789 variantur
1410 2758 1494 2790 Mar.
1518 2758 1612 2790 Junt.
1670 2761 1806 2791 variant
1827 2770 1862 2792 se

278 2805 351 2838 Aid.
374 2807 403 2839 1.
517 2808 580 2839 800
595 2809 743 2848 refulget.
792 2810 929 2849 refulgit
943 2810 1048 2842 Lach.
1181 2812 1244 2842 802
1259 2813 1409 2843 cervices.
1458 2813 1642 2843 cervicemst
1657 2812 1801 2853 Brieger.

320 2860 382 2891 803
404 2862 504 2892 rubra
526 2862 613 2893 Flor.
642 2862 682 2892 31
707 2862 822 2894 camb.
850 2863 943 2894 Mon.
968 2863 1041 2896 Ver.
1069 2864 1151 2895 Ven.
1175 2865 1228 2896 for
1249 2867 1357 2896 rubro.
1489 2866 1550 2897 805
1573 2868 1737 2898 curalium
1759 2866 1854 2899 Wak.

278 2913 329 2944 for
343 2917 537 2948 caeruleum.
587 2916 649 2947 ‘fo.
667 2918 826 2957 beryllum
839 2916 846 2931 ²
860 2917 973 2948 Bentl.
1183 2919 1246 2950 806
1263 2920 1357 2959 larga
1372 2929 1444 2951 eum
1460 2920 1529 2951 luce
1545 2920 1636 2951 Nico.
1653 2920 1682 2951 B
1700 2929 1785 2953 corr.
1805 2921 1858 2952 for
