1997 3267
902 170 975 212 III
1669 185 1745 227 137

328 279 428 320 Huc
457 277 621 319 accedit
651 277 718 318 uti
748 275 980 326 videamus,
1011 291 1162 333 corpus
1193 284 1242 319 ut
1273 279 1414 333 ipsum

271 346 481 401 suscipere
512 345 695 386 inmanis
726 344 893 385 morbos
924 344 1164 399 durumque
1196 345 1394 395 dolorem,
1661 349 1748 398 460

269 416 328 457 sic
357 416 548 456 animum
579 428 698 455 curas
729 412 835 453 acris
866 412 1114 467 luctumque
1146 418 1395 468 metumque
1412 428 1423 465 3

271 499 400 539 quare
429 482 679 539 participem
711 481 786 522 leti
818 495 985 536 quoque
1016 481 1214 521 convenit
1246 496 1347 523 esse.

271 553 375 608 quin
406 552 536 594 etiam
568 550 724 591 morbis
754 549 798 590 in
830 549 1013 604 corporis
1044 549 1164 590 avius
1196 555 1308 590 errat

270 635 396 676 saepe
426 620 594 661 animus
610 635 620 670 ;
650 618 862 660 dementit
893 618 1008 659 enim
1039 617 1256 673 deliraque
1289 618 1405 660 fatur

269 688 570 743 interdumque
599 686 719 742 gravi
749 685 942 741 lethargo
973 686 1107 727 fertur
1137 686 1181 726 in
1211 686 1348 727 altum
1663 688 1743 741 465

270 760 578 810 aeternumque
608 768 800 809 soporem
831 753 963 794 oculis
994 759 1189 808 nutuque
1220 753 1402 804 cadenti,

271 824 384 865 unde
414 838 553 878 neque
584 822 760 864 exaudit
791 836 912 863 voces
944 836 1020 863 nec
1050 836 1220 863 noscere
1252 823 1394 864 voltus

268 891 437 932 illorum
467 891 580 946 potis
611 896 688 939 est,
717 889 770 930 ad
801 890 935 930 vitam
966 889 1040 944 qui
1070 895 1319 931 revocantes

270 959 547 1001 circumstant
577 958 760 1000 lacrimis
790 962 981 998 rorantes
1011 972 1083 999 ora
1112 973 1338 1014 genasque.

269 1042 399 1082 quare
429 1027 622 1068 animum
652 1041 820 1082 quoque
851 1026 1026 1067 dissolui
1058 1027 1217 1068 fateare
1249 1033 1474 1077 necessest,
1660 1039 1746 1080 470

271 1095 615 1151 quandoquidem
645 1099 874 1150 penetrant
904 1094 948 1135 in
981 1109 1079 1135 eum
1110 1095 1306 1149 contagia
1337 1097 1499 1148 morbi;

269 1179 370 1205 nam
400 1164 517 1205 dolor
546 1178 595 1204 ac
626 1163 797 1204 morbus
828 1162 904 1204 leti
936 1163 1162 1204 fabricator
1192 1169 1428 1219 uterquest,
1472 1203 1476 1206 .

270 1232 504 1273 multorum
535 1231 666 1272 exitio
696 1230 886 1286 perdocti
917 1230 1029 1285 quod
1059 1245 1206 1272 sumus
1235 1237 1345 1273 ante.

271 1300 456 1354 denique
486 1314 602 1354 quor,
633 1298 848 1339 hominem
880 1313 976 1339 cum
1010 1299 1098 1339 vini
1131 1299 1195 1340 vis
1226 1301 1468 1355 penetravit
1661 1305 1745 1354 476

269 1367 376 1409 acris
406 1372 450 1409 et
480 1367 525 1408 in
556 1381 686 1408 venas
717 1367 911 1408 discessit
942 1367 1105 1408 diditus
1135 1369 1270 1418 ardor,

271 1436 544 1491 consequitur
572 1435 760 1491 gravitas
792 1435 1089 1485 membrorum,
1120 1437 1457 1492 praepediuntur

270 1518 392 1545 crura
420 1502 650 1552 vacillanti,
680 1503 883 1544 tardescit
914 1503 1070 1559 lingua,
1102 1505 1246 1545 madet
1277 1519 1408 1555 mens,

269 1577 376 1612 nant
406 1571 528 1620 oculi,
558 1571 715 1612 clamor
743 1571 959 1626 singultus
989 1572 1129 1628 iurgia
1158 1573 1356 1628 gliscunt,
1661 1576 1747 1626 480

269 1645 315 1681 et
344 1639 429 1680 iam
459 1645 601 1680 cetera
630 1638 683 1680 de
713 1653 868 1694 genere
899 1639 977 1680 hoc
1007 1655 1300 1696 quaecumque
1331 1647 1545 1692 secuntur,

271 1722 345 1749 cur
374 1722 425 1748 ea
453 1712 564 1755 sunt,
595 1707 677 1747 nisi
708 1707 819 1762 quod
851 1722 1024 1749 vemens
1055 1708 1258 1750 violentia
1287 1709 1376 1750 vini

270 1776 520 1818 conturbare
551 1776 738 1816 animam
768 1777 988 1818 consuevit
1018 1792 1187 1833 corpore
1217 1778 1263 1819 in
1292 1778 1414 1833 ipso?

271 1850 317 1886 at
348 1858 640 1899 quaecumque
671 1849 835 1898 queunt
866 1845 1109 1886 conturbari
1139 1846 1269 1900 inque
1298 1846 1447 1902 pediri,

273 1913 528 1969 significant,
559 1912 686 1967 paulo
717 1912 753 1953 si
784 1912 927 1953 durior
957 1913 1184 1956 insinuarit
1662 1917 1742 1968 485

272 1996 408 2030 causa,
440 1981 526 2022 fore
557 1986 607 2023 ut
637 1987 815 2036 pereant
846 1996 949 2022 aevo
980 1982 1148 2037 privata
1178 1983 1332 2025 futuro.

273 2050 377 2106 quin
408 2050 538 2091 etiam
570 2050 712 2091 subito
742 2050 785 2090 vi
817 2050 951 2091 morbi
983 2065 1108 2106 saepe
1139 2057 1308 2093 coactus

271 2125 372 2162 ante
403 2119 545 2161 oculos
575 2119 728 2174 aliquis
757 2124 933 2168 nostros,
964 2124 1013 2160 ut
1044 2119 1234 2161 fulminis
1264 2120 1365 2170 ictu,

272 2187 457 2230 concidit
487 2193 531 2230 et
562 2202 733 2242 spumas
763 2188 865 2243 agit,
896 2187 1078 2244 ingemit
1112 2195 1155 2229 et
1186 2190 1333 2230 tremit
1364 2196 1495 2241 artus,

271 2255 440 2310 desipit,
470 2260 666 2296 extentat
696 2270 857 2305 nervos,
887 2261 1121 2311 torquetur,
1151 2257 1324 2298 anhelat
1662 2270 1747 2311 490

272 2324 574 2373 inconstanter,
604 2329 649 2365 et
679 2323 725 2364 in
754 2324 951 2365 iactando
983 2325 1173 2366 membra
1203 2326 1367 2382 fatigat.

272 2392 474 2433 nimirum
505 2391 605 2447 quia
634 2392 698 2433 Vis
728 2392 863 2433 morbi
893 2392 1097 2434 distracta
1125 2408 1201 2449 per
1230 2402 1349 2436 artus

159 2590 244 2613 corr.
261 2580 281 2611 J
283 2580 355 2612 unt.
373 2579 494 2610 Lamb.
510 2581 571 2610 not
587 2578 670 2612 Mar.
791 2580 854 2612 472
869 2580 961 2611 ἀοῖον
976 2579 1066 2612 Nice.
1087 2579 1138 2611 for
1149 2581 1255 2620 polor.
1372 2580 1436 2614 474
1451 2580 1514 2613 475
1530 2581 1578 2612 Et
1594 2581 1748 2620 quoniam

159 2638 295 2665 mentem
309 2634 424 2664 sanari
439 2642 552 2672 corpus
568 2637 606 2663 ut
625 2642 759 2672 aem-um
773 2634 820 2664 Et
837 2635 970 2673 pariter
990 2638 1126 2664 mentem
1144 2636 1259 2665 sanari
1280 2644 1394 2675 corpus
1416 2636 1532 2666 inani:
1557 2643 1601 2665 an
1622 2633 1748 2666 absurd

159 2684 417 2726 interpolation:
449 2686 637 2724 474=5103
669 2687 721 2718 for
742 2687 805 2720 475
829 2687 913 2719 Mar.
936 2687 1010 2720 Ald.
1039 2688 1056 2718 1
1080 2688 1177 2720 Junt.
1201 2688 1384 2720 substitute
1407 2689 1481 2720 511.
1526 2687 1647 2719 Lamb.
1671 2687 1748 2719 first

160 2739 308 2779 expelled
323 2738 417 2770 both.
578 2739 641 2773 476
657 2750 747 2780 quor.
793 2744 847 2772 σῦν
861 2741 930 2778 AB,
948 2741 1057 2772 which
1072 2741 1102 2773 is
1117 2741 1175 2773 the
1192 2752 1285 2774 same
1300 2743 1416 2783 thing:
1442 2752 1480 2775 so
1496 2753 1523 2774 11
1542 2743 1614 2782 194,
1633 2753 1668 2775 1v
1684 2744 1746 2777 575

161 2802 364 2832 cmn=quom
380 2801 417 2823 or
432 2801 523 2823 cum:
547 2801 582 2823 1v
597 2792 660 2824 116
675 2803 784 2824 eorum
798 2794 867 2833 AB,
886 2804 996 2826 corum
1010 2794 1114 2826 Lach.
1132 2794 1187 2827 i.e.
1205 2806 1348 2837 quorum.
1398 2797 1452 2828 οὖν
1468 2798 1633 2828 hominum
1654 2797 1747 2830 Nice.

161 2846 250 2878 Flor.
278 2846 318 2877 31
347 2844 463 2878 Camb.
491 2846 510 2877 5
537 2845 613 2877 Vat.
642 2846 697 2877 old.
723 2847 792 2878 eds.
819 2847 932 2879 before
959 2848 1044 2879 Mar.
1073 2848 1141 2879 and
1170 2849 1283 2881 Junt.:
1315 2849 1426 2881 which
1455 2849 1553 2882 Wak.
1585 2850 1747 2892 absurdly

161 2901 272 2940 keeps.
402 2901 464 2931 482
483 2901 551 2932 Cur
565 2911 604 2932 ea
618 2907 695 2933 sunt
711 2902 800 2934 Nicc.
821 2902 873 2934 for
888 2905 990 2934 curba
1005 2908 1090 2935 sunt.
1209 2905 1271 2937 492
1288 2906 1369 2945 quia
1386 2904 1476 2936 Nice.
1494 2904 1585 2936 Flor.
1602 2905 1642 2936 31
1659 2905 1743 2938 Mar.
