1997 3267
257 148 314 188 66
1034 143 1058 185 I

371 250 516 293 ordine
546 255 715 291 mutato
745 255 790 291 et
821 255 953 298 motu,
985 249 1122 291 facere
1152 249 1260 291 aeris
1290 264 1425 300 auras,

371 320 432 362 sic
461 320 566 361 alias
596 319 691 361 aliis
720 319 848 360 rebus
879 319 1087 360 mutarier
1117 318 1288 360 omnis?

430 394 438 409 ‘
454 389 516 430 At
545 388 774 429 manifesta
803 387 944 442 palam
974 402 1041 428 res
1070 386 1246 428 indicat'
1278 387 1420 443 inquis
1452 387 1519 429 ‘in
1549 403 1672 431 auras

371 457 480 499 aeris
510 472 534 499 e
563 462 677 498 terra
706 470 773 498 res
803 455 940 497 omnis
971 470 1155 498 crescere
1185 456 1354 511 alique3

372 532 417 568 et
445 525 529 567 nisi
559 530 794 580 tempestas
824 524 1022 580 indulget
1052 529 1245 580 tempore
1277 525 1417 566 fausto
1772 529 1852 579 805

372 594 593 644 imbribus,
624 599 675 635 ut
705 593 806 635 tabe
837 592 1081 634 nimborum
1112 593 1288 634 arbusta
1318 593 1533 644 vacillent,

372 664 517 719 solque
548 678 625 705 sua
654 678 730 718 pro
760 668 882 718 parte
913 662 1029 703 fovet
1059 662 1300 718 tribuitque
1330 663 1523 712 calorem,

372 747 556 774 crescere
585 747 671 773 non
701 731 866 786 possint
897 731 1040 787 fruges
1071 731 1248 773 arbusta
1277 731 1512 773 animantis
1525 731 1546 775 '.

372 801 533 842 scilicet
564 806 608 842 et
637 799 721 841 nisi
750 814 828 840 nos
859 799 979 840 cibus
1009 799 1153 840 aridus
1184 805 1228 841 et
1260 805 1382 841 tener
1412 815 1534 841 umor

371 869 559 919 adiuvet,
589 868 743 909 amisso
773 867 861 909 iam
891 883 1062 923 corpore
1093 869 1185 910 vita
1216 883 1384 924 quoque
1417 869 1555 910 omnis
1772 871 1859 913 810

371 937 569 980 omnibus
599 951 622 979 e
652 936 794 978 nervis
825 942 956 992 atque
987 937 1150 979 ossibus
1182 939 1451 989 exsoluatur3

371 1006 618 1048 adiutamur
649 1005 763 1047 enim
794 1005 925 1047 dubio
955 1007 1102 1061 procul
1131 1012 1262 1062 atque
1293 1007 1448 1048 alimur
1476 1022 1553 1049 nos

371 1076 498 1117 certis
528 1075 582 1116 ab
612 1074 752 1124 rebus,
782 1074 910 1116 certis
939 1074 1048 1116 aliae
1079 1080 1209 1130 atque
1239 1075 1347 1116 aliae
1377 1090 1454 1117 reS.

369 1144 575 1186 nimirum
606 1143 708 1198 quia
737 1143 875 1185 multa
905 1143 1042 1184 modis
1073 1144 1315 1185 communia
1344 1144 1493 1186 multis

371 1212 606 1253 multarum
637 1226 779 1253 rerum
809 1211 855 1252 in
885 1212 1012 1253 rebus
1044 1212 1274 1267 primordia
1303 1212 1440 1254 mixta
1775 1215 1853 1267 815

370 1287 485 1331 sunt,
514 1281 610 1322 ideo
641 1280 769 1322 variis
799 1280 941 1322 variae
971 1295 1038 1322 res
1068 1280 1196 1322 rebus
1225 1281 1410 1324 aluntur.

370 1357 501 1406 atque
532 1351 681 1392 eadem
712 1350 858 1406 magni
887 1351 1018 1392 refert
1047 1350 1278 1406 primordia
1307 1365 1434 1406 saepe

372 1434 469 1461 cum
502 1419 660 1475 quibus
692 1424 736 1461 et
766 1419 885 1474 quali
915 1419 1109 1474 positura
1139 1420 1440 1461 contineantur

371 1493 416 1530 et
446 1502 551 1543 quos
581 1487 695 1529 inter
725 1502 770 1529 se
800 1486 906 1529 dent
937 1493 1079 1528 motus
1113 1487 1434 1543 accipiantque3

370 1571 556 1612 namque
587 1555 736 1597 eadem
767 1556 934 1597 caelum
964 1570 1081 1597 mare
1112 1561 1248 1597 terras
1277 1556 1457 1597 flumina
1487 1556 1619 1598 solem
1772 1556 1858 1598 820

371 1625 653 1675 constituunt,
684 1624 834 1666 eadem
866 1625 1011 1680 fruges
1041 1624 1218 1666 arbusta
1247 1625 1490 1674 animantis,

369 1708 518 1736 verum
549 1693 643 1735 aliis
674 1693 843 1749 alioque
876 1693 1001 1734 modo
1031 1694 1264 1735 commixta
1295 1701 1529 1736 moventur.

370 1762 475 1818 quin
506 1763 636 1804 etiam
668 1762 826 1818 passim
857 1762 1013 1803 nostris
1043 1762 1089 1803 in
1120 1762 1312 1804 versibus
1343 1762 1447 1818 ipsis

370 1831 508 1873 multa
538 1831 752 1872 elementa
782 1830 902 1872 vides
932 1831 1082 1872 multis
1114 1831 1357 1873 communia
1386 1831 1538 1881 verbis,

372 1915 468 1942 cum
499 1906 646 1942 tamen
676 1902 789 1941 inter
818 1914 863 1941 se
894 1914 1040 1941 versus
1071 1914 1119 1941 ac
1150 1900 1280 1941 verba
1309 1906 1525 1942 necessest
1771 1899 1850 1952 825

370 1969 596 2011 confiteare
627 1974 671 2010 et
700 1983 746 2010 re
777 1974 822 2011 et
851 1968 994 2010 sonitu
1025 1969 1184 2011 distare
1215 1969 1394 2011 sonanti.

370 2043 544 2078 tantum
577 2037 792 2078 elementa
821 2042 988 2092 queunt
1018 2044 1264 2092 permutato
1295 2038 1441 2079 ordine
1472 2038 1583 2090 solo;

370 2112 416 2148 at
445 2121 588 2147 rerum
618 2120 728 2162 quae
758 2112 861 2148 sunt
891 2106 1132 2162 primordia,
1162 2107 1287 2162 plura
1315 2107 1519 2148 adhibere

370 2181 548 2231 possunt
578 2176 692 2217 unde
724 2181 885 2231 queant
914 2176 1056 2217 variae
1086 2191 1154 2217 res
1183 2191 1377 2232 quaeque
1408 2176 1550 2218 creari.

427 2244 557 2287 Nunc
586 2250 632 2287 et
662 2245 942 2301 Anaxagorae
972 2251 1212 2287 scrutemur
1242 2244 1585 2286 homoeomerian
1768 2245 1854 2298 830

257 2417 360 2449 Prisc.
384 2417 437 2449 for
459 2421 492 2448 et
514 2416 551 2448 of
570 2425 675 2449 msa:
706 2416 777 2448 this
799 2416 928 2456 change
951 2416 986 2446 of
1015 2424 1036 2447 a
1058 2415 1167 2453 letter,
1191 2425 1230 2447 as
1252 2416 1351 2448 Bern.
1379 2416 1442 2447 has
1467 2425 1558 2453 seen,
1582 2414 1672 2455 gives
1694 2415 1855 2447 imbribus
1904 2451 1908 2454 v

257 2474 293 2504 to
316 2471 375 2503 the
396 2470 574 2512 preceding
597 2473 755 2502 sentence
776 2470 845 2502 and
868 2470 1070 2510 completely
1090 2472 1236 2501 restores
1258 2469 1318 2501 the
1339 2469 1407 2500 fine
1433 2478 1587 2509 passage,
1611 2468 1723 2500 which
1748 2468 1853 2501 Lach.

257 2525 454 2566 deplorably
476 2524 653 2565 disfigures
676 2524 720 2565 by
743 2524 963 2565 transposing
985 2525 1049 2556 806
1071 2524 1140 2556 and.
1163 2525 1224 2557 807
1248 2524 1318 2556 and
1340 2524 1511 2564 changing
1533 2525 1670 2555 arbusta
1692 2523 1764 2555 into
1787 2534 1854 2554 am-

259 2581 364 2618 busta,
381 2589 419 2611 as
441 2579 471 2610 if
490 2579 565 2610 rain
587 2578 742 2610 forsooth
764 2578 865 2610 could
887 2578 955 2610 like
973 2578 1073 2609 ‘frost
1095 2578 1243 2618 perform
1264 2578 1323 2609 the
1343 2578 1442 2609 effect
1462 2577 1497 2609 of
1517 2577 1604 2609 fire'.
1648 2576 1769 2609 Lamb.
1785 2576 1855 2609 and

259 2634 327 2666 Gif.
353 2633 405 2665 ed.
430 2634 448 2665 1
471 2635 722 2672 et...vacillant‚
747 2633 805 2665 the
827 2633 971 2673 vulgate.
1022 2632 1091 2664 Gif.
1115 2632 1166 2665 ed.
1194 2633 1213 2663 2
1236 2632 1337 2673 keeps
1360 2633 1594 2665 et...vacillent
1615 2631 1651 2663 of
1676 2640 1758 2665 mse.
1785 2630 1856 2663 and

259 2698 337 2729 says
362 2692 413 2727 ‘q.
430 2697 461 2720 v.
488 2687 626 2719 Marull.
650 2690 683 2718 et
705 2687 795 2727 vulg.
813 2689 987 2728 focillant,
1011 2696 1042 2727 q.
1062 2697 1094 2720 v,
1121 2688 1297 2724 vacillant,
1321 2686 1441 2718 male’.
1488 2686 1571 2717 Now
1593 2685 1668 2718 Ald.
1694 2686 1712 2716 1
1735 2685 1800 2717 has
1822 2690 1855 2718 et

260 2744 388 2775 tabes...
396 2743 569 2783 focillant.
627 2741 702 2773 Ver.
734 2741 817 2773 Ven.
855 2741 936 2772 read
973 2746 1005 2772 et
1043 2742 1148 2773 tale...
1156 2742 1327 2782 jaculant,
1365 2740 1501 2771 whence
1538 2749 1651 2771 comes
1679 2741 1854 2780 focillant.

258 2794 425 2827 Marullus
447 2795 484 2826 in
506 2794 578 2828 cod.
604 2794 732 2826 Victor.
755 2794 871 2825 makes
894 2804 939 2825 no
962 2794 1101 2834 change.
1309 2794 1372 2825 814
1401 2795 1506 2824 multa
1530 2794 1634 2824 modis
1659 2792 1777 2824 Lamb.
1802 2793 1856 2824 for

258 2851 471 2883 multimodis,
621 2848 685 2879 824
707 2850 814 2880 verbis
837 2847 929 2880 Flor.
952 2848 993 2879 31
1017 2847 1134 2879 Camb.
1158 2847 1236 2879 Vat.
1260 2847 1360 2878 Pont.
1384 2846 1470 2878 Mar.
1495 2848 1557 2877 etc.
1582 2846 1634 2878 for
1657 2847 1770 2878 bellis:
1799 2855 1855 2877 see

260 2902 364 2936 Lach.
544 2902 609 2934 830
632 2906 674 2932 et.
719 2906 757 2931 ut
779 2900 903 2932 Lach.:
935 2899 972 2931 in
994 2900 1058 2931 five
1082 2900 1178 2931 other
1200 2900 1313 2940 places
1334 2899 1378 2931 he
1401 2899 1548 2938 changes
1571 2904 1613 2938 et,
1639 2897 1708 2930 and
1728 2898 1766 2930 in
1788 2900 1855 2930 two
