1997 3267
263 207 344 238 212
1039 193 1077 232 V

376 317 461 343 non
490 315 612 342 ruere
643 300 804 341 avolsos
834 299 971 340 silices
1001 314 1026 339 a
1055 298 1273 339 montibus
1304 298 1403 340 altis

375 386 454 412 nec
485 370 646 411 validas
675 368 770 410 aevi
799 368 910 409 vires
939 367 1124 422 perferre
1153 367 1330 422 patique

376 439 520 480 finiti?
560 452 698 493 neque
729 437 843 478 enim
875 435 1075 477 caderent
1106 436 1247 476 avolsa
1277 442 1466 490 repente,
1771 445 1850 490 315

378 524 428 550 ex
460 507 628 549 infinito
660 521 767 562 quae
798 511 989 560 tempore
1020 505 1349 560 pertolerassent

378 577 520 619 omnia
550 582 764 617 tormenta
794 575 949 616 aetatis
981 574 1147 629 privata
1178 574 1350 628 fragore.

435 645 632 700 Denique
663 645 748 685 iam
780 649 900 685 tuere
932 643 1022 693 hoc,
1052 643 1210 684 circum
1242 656 1452 696 supraque
1483 641 1596 696 quod
1627 656 1795 683 omnem

378 713 569 754 continet
599 712 799 767 amplexu
832 717 1012 753 terram:
1054 711 1089 752 si
1120 716 1312 766 procreat
1343 725 1395 752 ex
1425 725 1470 752 se

379 781 532 830 omnia,
562 781 673 836 quod
705 780 878 835 quidam
910 785 1158 829 memorant,
1189 779 1426 834 recipitque
1456 784 1691 834 perempta,
1770 790 1855 832 320

379 856 519 891 totum
550 849 744 890 nativum
775 848 944 889 mortali
976 862 1145 903 corpore
1178 852 1355 888 constat.

378 933 477 959 nam
509 917 805 972 quodcumque
836 916 939 957 alias
970 931 1021 957 ex
1052 930 1096 957 se
1127 930 1193 956 res
1223 920 1354 971 auget
1384 914 1559 969 alitque,

379 986 571 1027 deminui
601 985 740 1035 debet,
773 984 962 1033 recreari,
993 999 1090 1025 cum
1121 983 1273 1038 recipit
1303 998 1378 1024 res.

439 1054 663 1094 Praeterea
693 1053 729 1094 si
759 1053 877 1094 nulla
907 1052 989 1093 fuit
1018 1052 1218 1108 genitalis
1251 1051 1366 1107 origo

380 1129 589 1166 terrarum
620 1127 664 1163 et
695 1121 801 1163 caeli
831 1135 1080 1176 semperque
1110 1126 1284 1161 aeterna
1315 1120 1442 1169 fuere,
1769 1129 1852 1174 325

380 1207 454 1233 cur
484 1205 638 1246 supera
667 1189 827 1231 bellum
858 1189 1111 1230 Thebanum
1143 1194 1186 1229 et
1218 1189 1368 1229 funera
1396 1187 1547 1229 Troiae

379 1275 465 1301 non
494 1259 598 1300 alias
629 1258 701 1299 alii
733 1273 900 1313 quoque
933 1272 999 1298 res
1030 1257 1217 1298 cecinere
1248 1259 1433 1311 poetae?

380 1344 463 1384 quo
494 1333 559 1369 tot
592 1328 702 1368 facta
732 1327 871 1367 virum
904 1327 1062 1368 totiens
1092 1325 1280 1367 cecidere
1310 1340 1449 1380 neque
1481 1339 1661 1380 usquam

380 1397 563 1439 aeternis
594 1397 730 1437 famae
761 1394 1038 1436 monimentis
1068 1394 1198 1435 insita
1228 1394 1413 1435 florent?

380 1480 539 1514 verum,
570 1470 620 1506 ut
651 1464 809 1520 opinor,
840 1463 969 1505 habet
1000 1463 1235 1504 novitatem
1268 1477 1433 1503 summa
1462 1476 1691 1517 recensque
1771 1474 1855 1516 330

380 1538 577 1575 naturast
608 1533 758 1573 mundi
787 1547 925 1587 neque
956 1531 1120 1587 pridem
1151 1531 1322 1573 exordia
1352 1531 1474 1586 cepit.

381 1619 510 1659 quare
541 1603 671 1644 etiam
703 1602 911 1657 quaedam
942 1616 1055 1642 nunc
1085 1607 1198 1642 artes
1229 1601 1514 1656 expoliuntur,

381 1687 494 1714 nunc
525 1671 654 1713 etiam
685 1675 920 1726 augescunt
937 1686 946 1721 3
984 1684 1098 1710 nunc
1128 1669 1275 1710 addita
1304 1669 1487 1725 navigiis
1517 1674 1617 1710 sunt

381 1741 528 1789 multa,
559 1739 683 1780 modo
713 1738 899 1794 organici
931 1737 1101 1778 melicos
1131 1751 1332 1792 peperere
1362 1751 1538 1778 sonores.

381 1810 564 1865 denique
594 1814 748 1849 natura
779 1807 882 1848 haec
912 1822 1053 1848 rerum
1084 1806 1277 1860 ratioque
1308 1811 1517 1861 repertast
1574 1830 1583 1834 -
1772 1814 1850 1860 335

383 1893 527 1934 nuper,
558 1883 602 1918 et
633 1877 741 1918 hanc
770 1876 933 1931 primus
964 1889 1060 1916 cum
1092 1874 1240 1929 primis
1270 1874 1360 1930 ipse
1391 1879 1585 1929 repertus

380 1960 494 1988 nunc
525 1959 601 2001 ego
632 1959 726 1985 sum
757 1943 803 1984 in
833 1942 992 1998 patrias
1023 1942 1096 1997 qui
1127 1941 1284 1996 possim
1316 1947 1479 1982 vertere
1510 1956 1641 1984 voces.

381 2014 493 2070 quod
523 2014 559 2055 si
590 2014 696 2055 forte
728 2012 855 2054 fuisse
886 2011 1066 2053 antehac
1097 2010 1245 2052 eadem
1277 2010 1419 2051 onmia
1448 2009 1594 2060 credis,

381 2082 453 2124 sed
484 2083 658 2138 periisse
689 2081 910 2122 hominum
941 2079 1120 2121 torrenti
1152 2079 1288 2120 saecla
1317 2093 1485 2133 vapore,

382 2157 458 2192 aut
489 2150 688 2192 cecidisse
719 2149 837 2190 urbis
868 2163 1022 2204 magno
1052 2147 1274 2188 vexamine
1306 2147 1468 2198 mundi,
1770 2158 1855 2200 340

382 2225 458 2262 aut
489 2235 539 2261 ex
571 2218 780 2260 imbribus
810 2217 999 2259 adsiduis
1029 2217 1164 2258 exisse
1195 2230 1365 2271 rapaces

382 2304 458 2344 per
487 2293 620 2330 terras
650 2301 796 2328 amnes
826 2291 949 2340 atque
979 2285 1134 2341 oppida
1164 2285 1438 2340 cooperuisse,

264 2416 421 2447 proporro
445 2408 646 2445 vetitumque
673 2415 834 2437 senescere
861 2405 975 2436 credas
1005 2403 1110 2435 Lach.
1170 2405 1290 2436 Cedere
1315 2414 1474 2445 proporro
1499 2406 1665 2445 subitoque
1694 2415 1853 2441 senescere

268 2470 347 2491 casa
376 2459 461 2490 Mar.
493 2459 589 2490 Junt.
621 2458 740 2490 Lamb.
767 2458 817 2489 ed.
851 2458 869 2488 1
900 2457 968 2489 and
998 2459 1028 2495 2,
1057 2457 1191 2489 Creech.
1245 2457 1365 2489 Lamb.
1393 2457 1443 2490 ed.
1475 2458 1493 2488 3
1521 2457 1662 2489 obelises
1690 2458 1759 2489 this
1786 2459 1855 2490 and

269 2513 353 2544 adds
376 2512 434 2543 the
457 2522 522 2543 ms.
540 2522 642 2543 verse.
689 2512 733 2543 Is.
752 2511 848 2543 Voss.
867 2512 940 2553 (not
962 2511 1105 2552 Preiger)
1128 2511 1164 2542 in
1185 2520 1250 2542 ms.
1267 2513 1364 2542 notes
1386 2510 1449 2542 has
1474 2511 1565 2550 Quae
1588 2520 1680 2542 ruere
1695 2521 1855 2552 proporro

271 2567 318 2597 ibi
356 2576 477 2606 conque
515 2575 675 2596 senescere
712 2566 837 2596 credas.
898 2565 1023 2604 [Quare
1057 2574 1215 2604 proporro
1253 2565 1318 2596 sibi
1356 2573 1490 2604 cumque
1526 2573 1689 2595 senescere
1725 2565 1854 2605 credas]

268 2620 387 2651 Bern.:
413 2619 480 2650 Gif.
497 2619 565 2650 and
581 2619 677 2650 Wak.
694 2618 766 2650 find
782 2629 827 2650 no
843 2618 1008 2658 difficulty
1023 2618 1060 2649 in
1076 2618 1133 2649 the
1149 2628 1213 2649 ms.
1226 2617 1376 2657 reading.
1553 2617 1616 2648 318
1631 2627 1754 2649 omnem
1768 2618 1853 2650 Mar.

269 2674 365 2705 Junt.
386 2673 437 2704 for
453 2683 553 2704 omne.
746 2673 808 2705 319
824 2673 853 2703 si
869 2682 936 2702 om.
955 2672 1047 2703 Nice.
1064 2671 1133 2702 and
1149 2672 1196 2703 all
1211 2672 1297 2703 later
1312 2680 1410 2702 mss:
1433 2670 1540 2702 hence
1555 2670 1659 2702 much
1674 2671 1854 2703 confusion

269 2727 305 2757 in
330 2726 398 2757 eds.
423 2726 534 2757 before
559 2725 678 2762 Lach.‚
703 2725 916 2765 Havercamp
943 2727 1003 2756 not
1030 2725 1188 2764 deigning
1215 2727 1251 2756 to
1278 2723 1394 2756 record
1419 2723 1496 2755 that
1521 2724 1579 2754 AB
1606 2723 1690 2756 both
1714 2723 1784 2756 had
1809 2727 1849 2757 si.

269 2781 507 2812 omne...terrai
523 2779 647 2810 Avanc.
695 2785 824 2815 terram,
842 2780 928 2818 quod
944 2779 1028 2809 Mar.
1046 2778 1142 2809 Junt.
1160 2778 1249 2818 vulg.
1394 2778 1457 2808 321
1479 2779 1642 2808 nativum.
1685 2779 1799 2809 nativo
1815 2789 1854 2811 ac

269 2834 370 2866 Bern.
512 2833 573 2863 331
598 2834 761 2863 Naturast
777 2833 893 2863 mundi
908 2832 982 2864 Ald.
1004 2832 1033 2868 1,
1050 2832 1184 2862 Natura
1201 2836 1248 2862 est
1265 2831 1350 2863 Mar.
1367 2830 1464 2862 Junt.
1481 2830 1533 2861 for
1549 2831 1683 2861 Natura
1693 2832 1853 2863 mundist:

270 2887 340 2919 this
356 2896 513 2918 common
528 2886 670 2917 blunder
686 2885 722 2917 of
736 2895 798 2916 our
813 2895 892 2917 mss.
914 2885 1010 2917 Wak.
1030 2884 1110 2915 here
1127 2885 1238 2924 keeps.
1404 2885 1466 2916 339
1484 2885 1623 2924 periisse
1639 2883 1729 2915 Flor.
1747 2884 1786 2914 31
1802 2884 1856 2916 for

266 2945 400 2982 perisse.
531 2941 593 2971 342
615 2946 714 2982 atque
731 2942 853 2981 oppida
869 2940 960 2971 Flor.
978 2940 1017 2971 31
1035 2939 1152 2970 Camb.
1170 2939 1254 2971 Mar.
1271 2939 1323 2970 for
1338 2943 1374 2970 at
1390 2939 1523 2979 oppida.
1575 2947 1614 2969 ac
1630 2937 1722 2969 Nico.
1740 2939 1758 2968 2
1775 2938 1852 2971 vat.
