1997 3267
207 219 289 262 254
974 202 1040 244 VI

318 345 424 388 quos
454 328 598 371 miseri
628 328 821 378 credunt,
852 326 991 383 ignari
1021 326 1126 383 quid
1158 331 1290 382 queat
1321 341 1424 378 esse,

319 399 423 456 quid
454 403 652 454 nequeat,
683 396 809 438 finita
839 401 1031 452 potestas
1061 395 1247 451 denique
1277 395 1434 451 cuique
1753 399 1806 451 65

319 483 505 526 quanam
536 467 594 509 sit
624 465 782 508 rationi
812 471 943 521 atque
974 465 1062 506 alte
1093 465 1303 507 terminus
1335 465 1543 520 haerens3

320 554 404 595 quo
434 537 572 593 magis
602 541 793 578 errantes
824 549 949 577 caeca
979 535 1145 576 ratione
1177 534 1384 577 feruntur.

320 622 430 664 quae
462 606 544 647 nisi
573 604 740 660 respuis
771 618 823 645 ex
854 603 998 644 animo
1029 603 1239 658 longeque
1270 603 1461 646 remittis

320 677 386 719 dis
415 675 593 731 indigna
623 679 778 730 putare
808 673 1034 728 alienaque
1065 672 1182 728 pacis
1212 687 1372 724 eorum,

320 746 511 788 delibata
541 744 671 786 deum
702 758 778 798 per
810 748 853 784 te
885 742 967 784 tibi
997 742 1178 784 numina
1207 748 1357 784 sancta
1753 755 1811 798 70

319 829 446 870 saepe
477 814 688 863 oberunt;
730 826 815 853 non
846 826 930 867 quo
961 811 1110 853 violari
1141 826 1310 853 summa
1339 811 1469 854 deum
1501 812 1564 855 vis

322 882 468 939 possit,
500 887 549 923 ut
580 895 631 923 ex
663 880 726 922 ira
757 894 914 935 poenas
945 886 1092 935 petere
1124 880 1294 922 inbibat
1325 881 1443 932 acris,

319 953 394 995 sed
425 952 527 1008 quia
557 956 654 992 tute
685 949 768 992 tibi
798 948 967 1005 placida
997 964 1095 991 cum
1127 964 1230 1004 pace
1262 949 1431 1005 quietos

319 1021 554 1065 constitues
585 1033 761 1074 magnos
793 1018 952 1060 irarum
985 1018 1153 1060 volvere
1184 1018 1354 1069 fluctus,

320 1107 398 1134 nec
429 1089 608 1132 delubra
638 1088 767 1129 deum
799 1086 967 1143 placido
998 1101 1095 1128 cum
1127 1093 1298 1142 pectore
1330 1088 1479 1139 adibis,
1753 1099 1805 1144 75

319 1176 397 1202 nec
427 1159 480 1201 de
511 1171 682 1213 corpore
714 1170 823 1212 quae
853 1161 1001 1198 sancto
1032 1156 1259 1198 simulacra
1290 1156 1487 1200 feruntur

318 1230 363 1272 in
395 1234 562 1270 mentes
593 1225 816 1267 hominum
848 1224 1019 1266 divinae
1049 1225 1205 1266 nuntia
1236 1226 1407 1276 formae,

319 1299 532 1354 suscipere
565 1296 668 1338 haec
699 1294 834 1336 animi
865 1294 1101 1350 tranquilla
1131 1310 1235 1350 pace
1267 1295 1441 1339 valebis.

320 1369 419 1411 inde
451 1367 594 1409 videre
626 1365 726 1407 licet
757 1364 896 1420 qualis
927 1364 1014 1405 iam
1046 1364 1137 1406 vita
1167 1370 1383 1420 sequatur.

320 1453 449 1494 quam
482 1435 658 1492 quidem
690 1440 740 1476 ut
771 1449 796 1474 a
826 1433 949 1475 nobis
978 1434 1088 1475 ratio
1120 1434 1341 1476 verissima
1370 1434 1493 1490 longe
1753 1436 1809 1478 80

319 1506 479 1556 reiciat,
510 1517 771 1559 quamquam
803 1508 905 1544 sunt
936 1517 962 1544 a
992 1517 1061 1544 me
1092 1503 1233 1544 multa
1263 1503 1464 1559 profecta,

318 1577 457 1618 multa
488 1581 632 1616 tamen
665 1579 830 1614 restant
861 1579 906 1614 et
937 1579 1039 1614 sunt
1071 1572 1260 1614 ornanda
1290 1572 1436 1628 politis

319 1645 535 1695 versibus3
575 1648 640 1685 est
671 1641 780 1683 ratio
812 1641 919 1683 caeli
949 1641 1190 1697 speciesque
1223 1641 1422 1692 tenenda,

319 1720 421 1756 sunt
451 1717 731 1767 tempestates
762 1716 807 1752 et
838 1710 1019 1751 fulmina
1049 1710 1161 1751 clara
1193 1710 1396 1760 canenda,

317 1782 421 1840 quid
452 1781 611 1823 faciant
642 1787 686 1822 et
716 1794 802 1835 qua
832 1778 884 1820 de
915 1793 1042 1820 causa
1071 1793 1255 1834 cumque
1286 1779 1502 1833 ferantur3
1752 1781 1804 1834 85

319 1866 373 1893 ne
404 1849 593 1906 trepides
624 1847 731 1890 caeli
763 1847 912 1889 divisis
942 1847 1139 1904 partibus
1170 1862 1330 1897 amens,

318 1919 431 1962 unde
462 1919 608 1960 volans
638 1917 751 1971 ignis
782 1916 1027 1972 pervenerit
1058 1922 1135 1958 aut
1167 1916 1212 1957 in
1245 1923 1387 1958 utram
1417 1931 1461 1959 se

321 1988 498 2031 verterit
529 1987 628 2028 hinc
662 1987 833 2042 partim,
865 2001 948 2041 quo
979 1991 1105 2041 pacto
1137 2001 1213 2041 per
1244 1986 1333 2027 loca
1364 1993 1515 2042 saepta

319 2056 559 2105 insinuarit,
593 2061 637 2097 et
669 2055 769 2096 hinc
799 2054 1046 2096 dominatus
1079 2060 1127 2096 ut
1158 2054 1363 2096 extulerit
1393 2069 1449 2097 se.

319 2132 369 2168 tu
400 2125 508 2167 mihi
538 2139 763 2180 supremae
793 2123 1055 2180 praescribta
1086 2123 1141 2165 ad
1172 2122 1355 2165 candida
1386 2123 1512 2166 calcis
1749 2135 1805 2179 92

321 2194 512 2237 currenti
542 2193 731 2249 spatium
762 2199 1066 2248 praemonstra,
1098 2191 1251 2233 callida
1282 2207 1404 2234 musa

322 2262 525 2318 Calliope,
555 2262 723 2317 requies
754 2262 978 2303 hominum
1009 2261 1238 2317 divomque
1270 2262 1479 2318 voluptas,

206 2386 264 2418 the
287 2385 420 2425 margin
447 2385 483 2415 in
506 2384 561 2415 his
585 2383 687 2415 usual
710 2383 858 2416 fashion.
1018 2382 1059 2414 68
1084 2384 1240 2424 lonyeque
1263 2383 1356 2415 Nice.
1380 2384 1433 2415 for
1456 2385 1620 2425 longique.
1663 2386 1816 2417 remittis-

206 2440 295 2471 Flor.
313 2440 353 2470 31
370 2439 489 2470 Camb.
506 2437 598 2469 Brix.
615 2437 668 2469 for
683 2438 819 2469 remitti.
963 2437 1002 2469 71
1027 2437 1166 2468 oberunt
1181 2437 1280 2468 Wak.
1298 2437 1349 2469 for
1364 2438 1512 2469 oderunt.
1559 2439 1701 2472 aderunt
1717 2439 1803 2472 Mar.

205 2492 279 2524 Ald.
298 2494 316 2523 1
333 2492 429 2524 Junt.
449 2491 569 2524 Lamb.
588 2493 652 2524 etc.
788 2491 829 2522 72
845 2500 886 2521 ex
900 2491 956 2521 ira
972 2490 1058 2522 Mar.
1076 2489 1151 2523 Ald.
1171 2491 1188 2521 1
1206 2491 1303 2522 Junt.
1321 2491 1373 2522 for
1388 2493 1490 2523 exire.
1623 2493 1664 2526 73
1677 2494 1804 2534 quietos

208 2547 292 2578 Mar.
310 2546 406 2578 Junt.
425 2545 477 2576 for
492 2547 635 2586 quietus.
769 2545 810 2577 74
825 2545 952 2584 fluctus
968 2543 1060 2575 Flor.
1077 2544 1117 2575 31
1135 2544 1221 2576 Mar.
1239 2544 1314 2576 Ald.
1333 2546 1350 2575 1
1367 2544 1465 2576 Junt.
1482 2545 1654 2586 forfletus.

249 2601 290 2634 76
306 2601 467 2641 feruntur
481 2598 574 2630 Brix.
590 2598 668 2629 Ald.
686 2598 704 2628 1
722 2597 742 2629 J
745 2601 818 2629 unt.
837 2597 911 2638 (not
927 2597 1028 2629 Pont.
1046 2607 1084 2629 or
1100 2598 1201 2640 Mar.)
1220 2598 1272 2630 for
1281 2599 1433 2639 fuerunt.
1472 2599 1591 2640 ferunt
1609 2599 1684 2633 Ver.
1703 2599 1789 2633 Ven-

250 2657 291 2687 82
322 2659 399 2687 sunt
414 2655 576 2686 ornanda.
622 2657 700 2684 sunt
715 2654 881 2684 tornanda
896 2652 988 2684 Flor.
1005 2652 1046 2683 31
1062 2652 1212 2684 Politian
1227 2652 1264 2684 in
1279 2662 1386 2694 marg.
1403 2653 1494 2685 Flor.
1513 2654 1564 2687 29.

249 2709 291 2739 83
317 2712 365 2738 est
380 2707 470 2737 ratio
486 2707 572 2737 caeli
590 2705 705 2747 (caelis
721 2704 828 2746 Brix.)
846 2707 1033 2745 speciesque
1051 2706 1191 2737 tenenda
1207 2705 1301 2736 Brix.
1317 2705 1443 2736 Avanc.
1454 2704 1576 2739 Lamb.
1592 2706 1642 2739 ed.
1664 2707 1682 2738 l
1699 2706 1769 2739 and
1784 2708 1805 2739 2

208 2762 259 2794 for
279 2767 325 2794 est
344 2763 433 2793 ratio
455 2762 620 2801 caelisque
641 2761 802 2791 tenenda:
826 2760 885 2791 the
907 2759 1014 2791 scribe
1037 2759 1181 2791 omitted
1203 2761 1308 2800 specie
1332 2759 1476 2792 because
1497 2760 1534 2792 of
1554 2760 1613 2793 the
1632 2761 1806 2803 following

207 2818 326 2854 squete.
375 2818 423 2844 est
438 2814 529 2843 ratio
539 2813 696 2852 fulyendi
712 2813 823 2853 visque
841 2812 980 2843 tonantii
995 2811 1100 2843 Lach.
1111 2810 1222 2842 which
1238 2821 1346 2843 seems
1363 2813 1398 2843 to
1414 2821 1469 2843 me
1481 2815 1572 2844 most
1583 2812 1803 2854 improbable.

208 2872 255 2899 est
270 2869 358 2899 ratio
374 2877 524 2908 superum
540 2868 688 2907 caelique
703 2866 794 2898 Flor.
813 2867 852 2897 31
871 2866 989 2897 Camb.
1006 2867 1026 2896 2
1042 2865 1120 2897 Vat.
1137 2865 1253 2898 Lamb.
1273 2866 1324 2896 ed.
1341 2866 1372 2898 3.
1543 2866 1672 2900 85—89
1694 2867 1800 2901 Laoh.

208 2923 359 2954 enoloses
373 2922 410 2953 in
426 2924 438 2962 [
455 2923 478 2962 ].
669 2922 710 2954 90
733 2921 861 2953 91:56
885 2922 984 2953 57=1
1009 2921 1071 2952 153
1095 2921 1176 2951 154:
1201 2929 1256 2952 see
1278 2920 1392 2953 above.
1441 2920 1546 2952 Lach.
1564 2920 1693 2953 admits
1709 2921 1804 2954 them

208 2975 296 3007 here.
397 2976 437 3008 92
454 2976 499 3006 ad
512 2975 658 3006 candida
673 2975 775 3006 calcis
790 2974 912 3006 Lamb.
929 2974 998 3006 and
1014 2974 1194 3005 Turnebus
1209 2974 1262 3005 for
1277 2984 1317 3006 ac
1332 2974 1481 3005 candida
1496 2975 1613 3008 callis:
1637 2984 1658 3006 a
1674 2975 1803 3007 certain
