1997 3267
912 171 934 213 1
1671 188 1725 227 43

236 281 378 323 exitus
410 285 459 321 ut
490 279 614 321 classi
645 278 746 319 felix
778 278 1030 332 faustusque
1061 277 1246 320 daretur.
1649 291 1729 321 100

236 354 409 392 tantum
440 348 589 405 religio
620 348 764 404 potuit
795 348 973 389 suadere
1005 347 1225 389 malorum.

295 419 499 460 Tutemet
529 433 554 459 a
584 417 707 458 nobis
737 417 823 457 iam
855 416 1004 471 quovis
1035 422 1227 472 tempore
1259 423 1408 458 vatum

237 488 479 543 terriloquis
510 487 649 528 victus
680 486 806 527 dictis
837 486 1070 527 desciscere
1101 501 1288 541 quaeres.

237 557 397 612 quippe
427 555 588 597 etenim
620 569 749 610 quam
781 554 919 595 multa
951 553 1032 595 tibi
1062 553 1148 595 iam
1180 554 1341 610 fingere
1372 560 1551 609 possunt

237 625 403 668 somnia
433 639 541 680 quae
574 623 691 665 vitae
722 623 909 664 rationes
940 628 1106 665 vertere
1140 624 1304 678 possint
1650 634 1725 676 105

238 693 513 747 fortunasque
544 695 642 732 tuas
673 690 811 731 omnis
844 689 1015 731 turbare
1048 690 1225 731 timore!

238 768 283 804 et
313 761 489 812 merito;
529 775 629 801 nam
661 759 697 801 si
727 764 888 801 certam
921 759 1050 801 finem
1083 774 1173 801 esse
1206 760 1402 802 viderent

237 844 539 873 aerumnarum
571 828 776 879 homines,
807 828 952 883 aliqua
982 829 1148 870 ratione
1180 829 1372 870 valerent

237 899 516 956 religionibus
547 903 677 953 atque
710 897 837 939 minis
869 898 1074 940 obsistere
1107 904 1266 940 vatum.

236 982 352 1009 nunc
381 967 490 1008 ratio
521 967 642 1008 nulla
671 972 737 1008 est
767 966 968 1017 restandi,
1000 967 1120 1008 nulla
1152 967 1343 1015 facultas,
1650 977 1731 1007 110

238 1042 435 1078 aeternas
466 1036 668 1092 quoniam
700 1051 858 1092 poenas
890 1036 934 1077 in
966 1043 1103 1078 morte
1135 1036 1428 1077 timendumst.

238 1106 462 1162 ignoratur
493 1106 607 1147 enim
639 1120 748 1161 quae
780 1105 836 1147 sit
867 1111 1022 1147 natura
1052 1105 1224 1156 animai,

238 1182 342 1217 nata
371 1175 429 1216 sit
459 1189 514 1216 an
545 1180 693 1216 contra
724 1174 1000 1216 nascentibus
1031 1174 1287 1223 insinuetur,

239 1249 284 1286 et
314 1244 443 1285 simul
474 1244 661 1285 intereat
693 1243 915 1285 nobiscum
948 1249 1085 1285 morte
1116 1243 1332 1298 dirempta

239 1329 295 1356 an
325 1314 526 1355 tenebras
557 1313 658 1355 Orci
689 1313 800 1354 visat
833 1317 1059 1367 vastasque
1092 1312 1265 1353 lacunas
1653 1321 1727 1362 115

239 1398 295 1425 an
324 1382 510 1439 pecudes
539 1382 644 1423 alias
675 1381 885 1423 divinitus
917 1381 1109 1423 insinuet
1140 1396 1197 1430 se,

241 1452 406 1494 Ennius
436 1457 487 1493 ut
517 1457 662 1493 noster
693 1451 849 1493 cecinit
880 1451 956 1507 qui
987 1450 1151 1506 primus
1181 1464 1360 1492 amoeno

240 1520 399 1563 detulit
430 1535 481 1562 ex
513 1519 722 1561 Helicone
753 1519 931 1574 perenni
963 1519 1110 1561 fronde
1142 1534 1351 1568 coronam,

239 1606 316 1647 per
345 1595 488 1647 gentls
518 1589 653 1631 Italas
684 1588 909 1630 hominum
941 1603 1050 1643 quae
1082 1588 1195 1629 clara
1226 1588 1416 1639 clueret-,3

241 1659 324 1702 etsi
354 1665 576 1715 praeterea
605 1664 752 1700 tamen
783 1672 874 1699 esse
904 1657 1143 1698 Acherusia
1173 1657 1336 1712 templa
1656 1667 1734 1697 120

242 1729 408 1770 Ennius
438 1727 626 1770 aeternis
657 1726 835 1782 exponit
865 1726 1059 1768 versibus
1090 1725 1233 1775 edens,

242 1811 327 1853 quo
356 1811 496 1852 neque
526 1800 808 1850 permaneant
838 1794 1008 1835 animae
1039 1808 1179 1849 neque
1211 1808 1384 1849 corpora
1415 1799 1570 1841 nostra,

241 1864 316 1907 sed
346 1864 558 1920 quaedam
589 1863 818 1904 simulacra
848 1862 986 1903 modis
1016 1861 1225 1917 pallentia
1256 1861 1397 1912 miris;

242 1934 357 1976 unde
389 1933 471 1975 sibi
502 1936 695 1974 exortam
727 1946 897 1986 semper
928 1931 1119 1972 florentis
1152 1930 1331 1972 Homeri

242 2006 547 2046 commemorat
577 2000 764 2056 speciem
796 2000 991 2041 lacrimas
1022 1999 1241 2041 effundere
1272 2000 1403 2040 salsas
1656 2008 1730 2051 125

243 2071 430 2127 coepisse
462 2076 507 2112 et
536 2084 680 2111 rerum
710 2076 912 2110 naturam
945 2068 1186 2123 expandere
1218 2067 1354 2109 dictis.

243 2145 504 2198 quapropter
533 2139 643 2181 bene
674 2152 772 2180 cum
804 2137 970 2192 superis
1000 2137 1054 2178 de
1085 2137 1213 2178 rebus
1244 2137 1442 2179 habenda

242 2210 366 2253 nobis
398 2214 463 2251 est
493 2208 614 2257 ratio,
645 2207 745 2249 solis
776 2206 991 2262 lunaeque
1023 2211 1193 2248 meatus

243 2294 330 2335 qua
358 2278 466 2320 fiant
495 2277 672 2325 ratione,
704 2280 748 2317 et
780 2290 866 2330 qua
898 2275 943 2316 vi
974 2289 1169 2331 quaeque
1200 2280 1407 2331 gerantur

243 2348 290 2391 in
320 2347 457 2397 terris,
488 2352 583 2388 tum
615 2360 713 2388 cum
743 2344 895 2401 primis
925 2345 1091 2386 ratione
1123 2344 1264 2400 sagaci
1657 2355 1737 2397 130

243 2417 360 2460 unde
390 2417 535 2458 anima
564 2421 696 2471 atque
727 2414 861 2456 animi
892 2418 1059 2455 constet
1090 2419 1246 2455 natura
1278 2412 1537 2464 videndum;

243 2491 290 2530 et
319 2501 430 2542 quae
458 2499 526 2527 res
555 2485 690 2535 nobis,
720 2484 1003 2541 vigilantibus
1033 2483 1170 2533 obvia,
1201 2488 1368 2524 mentes

129 2628 223 2661 Nice.
249 2628 295 2660 all
317 2627 409 2659 Flor.
435 2626 553 2659 Camb.
577 2626 625 2658 all
647 2626 726 2659 Vat.
753 2628 818 2658 etc.
952 2625 1015 2657 104
1033 2629 1172 2666 possunt
1196 2624 1284 2656 Mar.
1309 2623 1406 2655 Junt.
1430 2623 1483 2654 for
1500 2632 1642 2663 possum.
1689 2621 1737 2653 As

129 2683 159 2715 A
188 2683 259 2715 and
295 2682 354 2714 the
392 2682 539 2714 Italians
576 2681 664 2713 have
702 2682 781 2720 iam,
815 2680 845 2711 B
882 2680 951 2712 and
981 2680 1076 2711 Gott.
1108 2689 1167 2717 me,
1199 2679 1216 2710 I
1251 2688 1335 2710 once
1368 2676 1515 2717 thought
1550 2676 1609 2707 the
1644 2675 1736 2715 right

130 2737 272 2778 reading
286 2736 398 2778 might
412 2737 454 2769 be
470 2747 492 2768 a
506 2746 556 2768 me
562 2737 694 2777 fingere
715 2745 870 2777 possum:
896 2745 950 2767 see
975 2734 1177 2775 Cambridge
1197 2733 1343 2766 Journal
1365 2733 1400 2764 of
1424 2732 1599 2772 philology
1615 2740 1628 2762 1
1643 2740 1677 2771 p.
1694 2731 1735 2762 42

131 2791 200 2824 and
225 2792 328 2823 Luer.
353 2800 398 2822 111
421 2791 494 2824 271.
632 2790 694 2821 111
718 2790 931 2822 timendumst
955 2788 1060 2821 Orelli
1086 2788 1191 2829 eclog.
1216 2788 1254 2819 in
1279 2790 1388 2824 notes,
1413 2786 1520 2818 Lach.
1545 2785 1598 2817 for
1621 2787 1735 2817 timen-

131 2847 219 2878 dum.
351 2845 413 2877 121
448 2846 555 2876 edens.
602 2845 708 2876 eidem
737 2843 845 2875 Lach.
878 2842 1023 2875 without
1054 2852 1166 2874 cause.
1300 2842 1363 2872 122
1389 2845 1617 2881 permaneant.
1661 2850 1735 2880 per-

130 2904 263 2931 manent
288 2898 375 2939 Ang.
397 2897 546 2930 Politian
568 2897 606 2929 in
627 2907 734 2938 marg.
759 2897 796 2929 of
821 2897 913 2928 Flor.
937 2897 990 2934 29,
1016 2896 1092 2927 Ver.
1117 2895 1203 2927 Ven.
1227 2894 1302 2928 Ald.
1332 2895 1350 2925 1
1374 2894 1470 2925 sunt.
1495 2894 1557 2925 etc.
1582 2891 1737 2924 followed

131 2953 176 2995 by
199 2953 246 2985 all
271 2952 384 2985 before
410 2952 517 2985 Lach.
557 2954 757 2994 perveniant
786 2951 874 2984 Mar.
1008 2951 1070 2983 126
1096 2951 1247 2991 Goepisse
1274 2954 1306 2983 et
1329 2949 1358 2981 B
1383 2958 1469 2981 corr.
1496 2947 1588 2980 Flor.
1616 2948 1657 2979 31
1685 2946 1738 2978 for
