1997 3267
237 214 310 255 ¹72
1002 203 1066 243 IV

340 307 413 347 sed
444 307 564 362 quasi
595 307 883 348 adumbratim
914 308 1091 362 paulum
1124 308 1327 349 simulata
1358 309 1566 352 videntur.

340 376 492 416 umbra
523 376 693 417 videtur
724 377 829 417 item
861 377 983 417 nobis
1013 376 1058 417 in
1089 378 1175 418 sole
1208 377 1368 418 moveri

339 450 383 486 et
414 445 595 501 vestigia
626 452 770 486 nostra
800 446 921 500 sequi
950 452 1208 502 gestumque
1239 446 1424 499 imitari3
1737 452 1816 502 365

339 528 437 555 aera
466 514 503 555 si
533 514 668 555 credis
698 514 915 569 privatum
948 515 1108 556 lumine
1139 530 1261 570 posse

338 582 576 639 indugredi,
608 588 749 624 motus
781 583 1002 624 hominum
1033 589 1291 639 gestumque
1322 590 1572 639 sequentem
1590 599 1600 638 3

337 666 436 691 nam
467 651 527 691 nil
559 666 648 692 esse
678 656 820 705 potest
851 651 960 692 aliut
992 652 1073 692 nisi
1106 652 1267 693 lumine
1299 667 1443 693 cassus

338 736 409 762 aer
439 721 483 761 id
514 721 625 776 quod
656 735 732 761 nos
763 720 959 761 umbram
991 721 1213 776 perhibere
1245 726 1430 764 suemus.

338 789 542 830 nimirum
574 789 674 844 quia
706 794 819 829 terra
850 789 950 830 locis
981 805 1032 831 ex
1064 790 1210 831 ordine
1243 791 1370 832 certis
1738 802 1822 844 370

339 858 501 899 lumine
532 858 726 913 privatur
756 858 856 899 solis
888 873 1156 913 quacumque
1188 865 1380 900 meantes

338 926 556 975 officimus,
587 927 776 981 repletur
807 926 912 968 item
944 927 1057 982 quod
1088 928 1292 982 liquimus
1323 928 1425 978 eius,

337 999 561 1049 propterea
591 994 641 1036 fit
672 995 738 1035 uti
770 994 978 1045 videatur,
1010 1011 1118 1050 quae
1151 996 1233 1037 fuit
1265 996 1416 1037 umbra

337 1064 530 1118 corporis,
561 1078 584 1104 e
614 1064 785 1120 regione
817 1064 966 1105 eadem
996 1079 1072 1105 nos
1103 1080 1238 1119 usque
1268 1071 1425 1108 secuta.

337 1147 504 1187 semper
534 1132 646 1173 enim
678 1148 787 1173 nova
818 1147 860 1173 se
892 1133 1107 1174 radiorum
1140 1133 1304 1174 lumina
1335 1134 1521 1175 fundunt
1735 1144 1814 1187 375

338 1201 559 1256 primaque
590 1201 853 1255 dispereunt,
885 1201 1006 1256 quasi
1037 1201 1081 1242 in
1112 1202 1257 1257 ignem
1290 1202 1387 1243 lana
1418 1203 1624 1244 trahatur.

336 1276 562 1325 propterea
593 1271 714 1312 facile
745 1276 789 1311 et
821 1270 1028 1325 spoliatur
1059 1270 1219 1311 lumine
1251 1275 1366 1311 terra

337 1344 382 1380 et
412 1338 601 1393 repletur
630 1338 735 1379 item
768 1338 995 1393 nigrasque
1026 1338 1108 1379 sibi
1139 1337 1277 1378 abluit
1309 1338 1490 1379 umbras.

396 1407 486 1447 Nec
518 1412 663 1448 tamen
695 1406 763 1447 hic
794 1407 934 1447 oculos
967 1406 1055 1447 falli
1086 1406 1355 1447 concedimus
1387 1407 1533 1448 hilum.

337 1490 435 1515 nam
468 1490 735 1530 quocumque
767 1475 855 1515 loco
887 1474 943 1515 sit
975 1474 1047 1515 lux
1078 1480 1209 1529 atque
1243 1474 1392 1515 umbra
1424 1474 1536 1515 tueri
1735 1476 1820 1528 380

335 1543 504 1584 illorum
537 1548 624 1594 est3
665 1542 813 1584 eadem
846 1557 944 1583 vero
975 1542 1062 1583 sint
1094 1542 1257 1583 lumina
1286 1557 1431 1592 necne,

335 1613 571 1667 umbraque
603 1626 712 1666 quae
744 1612 826 1652 fuit
857 1611 926 1652 hic
958 1612 1106 1652 eadem
1138 1626 1250 1652 nunc
1283 1617 1472 1652 transeat
1503 1612 1614 1662 illuc,

334 1695 389 1721 an
419 1681 563 1736 potius
594 1681 670 1721 fiat
701 1681 827 1735 paulo
859 1680 972 1735 quod
1003 1681 1190 1722 diximus
1220 1687 1332 1730 ante,

335 1749 412 1790 hoc
443 1750 575 1791 animi
606 1750 779 1791 demum
811 1751 919 1791 ratio
950 1750 1188 1792 discernere
1220 1750 1360 1801 debet,

333 1832 411 1858 nec
442 1823 617 1872 possunt
649 1818 759 1859 oculi
789 1824 989 1859 naturam
1020 1833 1191 1860 noscere
1223 1834 1376 1861 rerum.
1733 1821 1811 1872 385

334 1886 508 1940 proinde
539 1887 672 1927 animi
705 1886 858 1927 vitium
891 1887 968 1928 hoc
1000 1888 1132 1929 oculis
1162 1888 1377 1944 adfingere
1410 1889 1507 1931 noli.

333 1968 419 2008 qua
448 1954 643 1995 vehimur
674 1955 783 2005 navi,
816 1955 961 2004 fertur,
992 1971 1089 1997 cum
1121 1962 1234 1997 stare
1265 1957 1459 2008 videtur3

334 2037 442 2077 quae
473 2028 618 2064 manet
648 2023 693 2063 in
724 2023 921 2072 statione,
952 2039 1001 2065 ea
1032 2031 1203 2079 praeter
1233 2024 1421 2066 creditur
1451 2025 1523 2067 ire.

334 2096 378 2131 et
409 2091 554 2146 fugere
585 2091 639 2132 ad
671 2091 851 2146 puppim
882 2091 1008 2132 colles
1039 2091 1265 2147 campique
1296 2092 1496 2132 videntur

333 2174 436 2214 quos
467 2160 634 2215 agimus
665 2166 833 2215 praeter
868 2175 1022 2201 navem
1055 2161 1245 2215 velisque
1278 2161 1478 2202 volamus.
1732 2172 1815 2214 390

333 2227 471 2268 sidera
501 2243 662 2269 cessare
694 2228 898 2269 aetheriis
930 2229 1071 2269 adfixa
1101 2229 1295 2270 cavernis

333 2301 486 2335 cuncta
516 2295 728 2345 videntur,
759 2301 804 2336 et
835 2295 1013 2337 adsiduo
1045 2301 1146 2337 sunt
1177 2296 1319 2337 omnia
1350 2302 1482 2346 motu,

335 2364 684 2418 quandoquidem
718 2365 866 2420 longos
897 2365 1040 2406 obitus
1072 2371 1217 2406 exorta
1246 2365 1448 2414 revisunt,

333 2446 429 2472 cum
460 2447 682 2486 permensa
712 2447 789 2474 suo
821 2438 922 2473 sunt
954 2433 1118 2473 caelum
1150 2447 1319 2487 corpore
1351 2433 1471 2474 claro.

333 2501 477 2556 solque
509 2501 600 2555 pari
630 2502 795 2543 ratione
826 2517 998 2543 manere
1029 2507 1073 2543 et
1104 2502 1205 2543 luna
1237 2502 1439 2543 videntur
1730 2510 1808 2554 395

333 2568 378 2609 in
408 2569 605 2618 statione,
636 2585 686 2611 ea
717 2584 825 2625 quae
857 2570 955 2611 ferri
985 2585 1052 2611 res
1082 2570 1242 2610 indicat
1273 2570 1377 2624 ipsa.

331 2637 624 2691 exstantisque
655 2639 801 2692 procul
833 2639 973 2679 medio
1004 2638 1057 2679 de
1087 2638 1259 2694 gurgite
1291 2637 1449 2678 montis

333 2706 536 2746 classibus
565 2706 678 2747 inter
710 2721 814 2762 quos
846 2707 952 2748 liber
982 2712 1104 2762 patet
1134 2707 1274 2748 exitus
1305 2706 1468 2762 ingens,

219 2858 357 2891 tornum,
374 2863 395 2884 a
408 2853 536 2885 violent
552 2853 691 2893 change.
883 2857 945 2889 378
961 2858 1068 2887 abluit
1086 2856 1161 2887 Ver.
1177 2855 1262 2887 Ven.
1280 2856 1364 2887 Mar.
1386 2855 1436 2886 for
1454 2856 1574 2886 adluit.
1748 2854 1810 2886 395

219 2909 372 2938 videntur
392 2907 496 2938 Lach.
519 2908 570 2938 for
589 2910 730 2947 videtur,
756 2918 794 2940 as
813 2910 899 2949 plur.
920 2920 958 2941 ea
975 2910 1114 2942 follows.
1159 2909 1201 2940 In
1223 2910 1323 2940 small
1344 2909 1395 2940 ed.
1419 2909 1435 2939 Ι
1456 2909 1601 2948 thought
1625 2908 1701 2939 that
1724 2908 1810 2940 after

221 2962 281 2993 397
303 2971 323 2992 a
342 2970 435 2992 verse
450 2971 518 2992 was
539 2962 608 2992 lost
629 2962 666 2993 of
686 2961 756 2993 this
777 2964 909 3000 nature,
931 2965 1062 2994 Fallere
1085 2973 1178 3003 saepe
1202 2964 1347 2994 animum
1368 2963 1473 2993 simili
1496 2964 1623 2993 ratione
1643 2959 1808 2999 vicimum
