1997 3267
892 198 939 240 II
1637 208 1712 251 105

232 307 416 363 denique
447 322 523 349 nos
555 307 637 362 ipsi
667 306 802 348 caecis
834 319 1130 360 quaecumque
1162 304 1352 347 tenebris

233 376 463 431 tangimus,
497 375 612 417 haud
643 375 728 416 ullo
760 374 970 415 sentimus
1001 373 1137 414 tincta
1167 373 1313 416 colore.

232 444 345 500 quod
376 444 577 500 quoniam
608 444 729 484 vinco
760 442 864 492 ficri,
895 456 1008 483 nunc
1040 455 1131 482 esse
1163 440 1322 484 docebo

232 581 370 622 omnis
400 580 514 621 enim
545 579 656 621 color
686 579 858 620 omnino
891 584 1087 619 mutatur
1118 578 1163 619 in
1194 578 1356 630 omnis3

233 648 345 703 quod
377 648 510 688 facere
543 646 656 687 haud
688 646 774 687 ullo
806 645 966 687 debent
998 645 1229 702 primordia
1260 652 1408 701 pacto;
1631 655 1718 700 750

234 715 502 757 immutabile
533 714 647 756 enim
678 714 882 770 quiddam
914 729 1114 769 superare
1146 720 1372 764 necessest,

232 800 286 827 ne
317 799 382 826 res
412 785 466 826 ad
497 784 633 825 nilum
664 783 916 838 redigantur
947 782 1142 824 funditus
1173 797 1330 825 omnes.

231 868 331 895 nam
363 852 659 909 quodcumque
690 852 777 893 suis
809 856 1028 892 mutatum
1060 851 1217 892 finibus
1248 850 1351 902 exit,

232 922 434 964 continuo
466 921 544 962 hoc
574 936 684 962 mors
716 925 780 961 est
811 919 926 961 illius
958 920 1071 975 quod
1103 920 1186 961 fuit
1217 925 1330 963 ante.

232 990 408 1046 proinde
440 990 574 1030 colore
605 1003 706 1030 cave
738 988 961 1044 contingas
993 988 1156 1029 semina
1186 1002 1342 1038 rerum,
1633 997 1714 1042 755

233 1073 286 1101 ne
317 1058 399 1100 tibi
428 1073 494 1100 res
524 1058 702 1099 redeant
733 1057 787 1098 ad
818 1057 954 1098 nilum
987 1057 1182 1098 funditus
1213 1071 1370 1100 omnes.

291 1127 518 1168 Praeterea
547 1126 583 1168 si
614 1126 734 1167 nulla
764 1125 913 1167 coloris
944 1125 1168 1181 principiis
1200 1130 1265 1167 est

232 1196 400 1238 reddita
430 1201 585 1237 natura
615 1201 659 1237 et
691 1195 819 1237 variis
850 1201 953 1236 sunt
984 1195 1181 1251 praedita
1211 1195 1368 1245 formis,

232 1279 256 1307 e
287 1264 442 1320 quibus
473 1279 597 1305 omne
627 1279 763 1321 genus
794 1264 982 1320 gignunt
1015 1264 1268 1319 variantque
1300 1263 1456 1306 colores

232 1338 468 1388 propterea,
499 1332 644 1388 magni
675 1332 788 1388 quod
819 1333 949 1373 refert
980 1332 1145 1374 semina
1175 1346 1370 1388 quaeque
1635 1331 1722 1387 760

232 1416 330 1443 cum
363 1402 518 1457 quibus
550 1408 594 1443 et
626 1402 742 1457 quali
773 1402 966 1457 positura
998 1401 1304 1443 contineantur

231 1477 277 1512 et
307 1484 412 1524 quos
442 1470 556 1511 inter
587 1484 631 1511 se
662 1470 768 1511 dent
800 1476 946 1511 motus
976 1469 1288 1525 accipiantque,

231 1539 432 1595 perfacile
463 1539 679 1595 extemplo
711 1539 923 1580 rationem
954 1539 1130 1581 reddere
1162 1539 1297 1595 possis

233 1623 310 1650 cur
341 1623 391 1650 ea
421 1623 530 1664 quae
561 1608 683 1665 nigro
714 1609 874 1650 fuerint
906 1609 1034 1664 paulo
1065 1614 1167 1651 ante
1198 1609 1348 1660 colore,

231 1692 465 1720 marmoreo
496 1677 588 1719 fieri
618 1678 782 1733 possint
814 1679 993 1720 candore
1026 1683 1203 1734 repente
1220 1693 1230 1730 3
1637 1678 1717 1731 765

231 1751 283 1789 ut
313 1761 440 1798 mare,
470 1762 568 1788 cum
600 1747 744 1804 magni
775 1753 1043 1789 commorunt
1074 1762 1258 1803 aequora
1288 1746 1419 1798 venti:

232 1816 415 1858 vertitur
445 1816 491 1857 in
521 1831 646 1858 canos
677 1816 877 1858 candenti
910 1831 1117 1858 marmore
1149 1817 1329 1868 fluctus3

230 1885 370 1927 dicere
400 1884 515 1926 enim
534 1885 691 1940 possis,
721 1885 892 1941 nigrum
925 1885 1038 1940 quod
1068 1900 1194 1941 saepe
1224 1885 1430 1935 videmus,

234 1954 435 1995 materies
466 1953 542 1995 ubi
572 1954 788 2009 permixta
818 1959 883 1995 est
914 1954 1030 1995 illius
1062 1959 1107 1995 et
1138 1953 1240 1995 ordo

233 2022 453 2078 principiis
483 2028 679 2064 mutatus
711 2028 755 2064 et
786 2022 934 2063 addita
965 2022 1226 2078 demptaque
1257 2022 1478 2078 quaedam,
1634 2031 1721 2075 770

232 2092 434 2134 continuo
465 2092 509 2133 id
540 2092 631 2133 fieri
662 2097 712 2133 ut
743 2091 928 2133 candens
959 2091 1159 2133 videatur
1190 2096 1235 2133 et
1265 2091 1424 2133 album.

234 2161 347 2216 quod
377 2161 414 2202 si
444 2161 649 2202 caeruleis
680 2166 924 2202 constarent
955 2175 1141 2216 aequora
1171 2159 1294 2215 ponti

233 2229 478 2279 seminibus,
509 2229 626 2271 nullo
656 2234 830 2285 possent
861 2229 1074 2271 albescere
1106 2234 1259 2284 pacto3

232 2314 331 2340 nam
363 2313 631 2354 quocumque
663 2299 787 2339 modo
818 2298 1043 2354 perturbes
1078 2298 1248 2340 caerula
1278 2312 1389 2354 quae
1420 2297 1519 2348 sint,

230 2381 466 2422 numquam
497 2366 542 2408 in
572 2381 857 2408 marmoreum
887 2371 1066 2421 possunt
1097 2365 1280 2422 migrare
1311 2365 1504 2408 colorem.
1636 2372 1716 2418 775

231 2435 298 2476 sin
327 2435 410 2475 alio
441 2439 572 2490 atque
602 2434 685 2475 alio
716 2439 817 2475 sunt
848 2434 1012 2476 semina
1042 2433 1180 2475 tincta
1210 2433 1346 2475 colore

231 2519 340 2560 quae
373 2504 501 2546 maris
532 2504 722 2545 efficiunt
753 2518 889 2545 unum
920 2517 1163 2558 purumque
1194 2502 1391 2553 nitorem,

232 2579 282 2615 ut
312 2587 439 2629 saepe
471 2587 522 2614 ex
553 2572 647 2613 aliis
679 2572 822 2613 formis
854 2572 1066 2627 variisque
1097 2571 1245 2628 figuris

117 2685 185 2718 and
199 2685 305 2717 Lach.
322 2686 417 2726 place
432 2686 519 2718 after
536 2686 618 2719 748:
642 2685 704 2717 but
721 2696 774 2717 see
790 2688 889 2718 notes
904 2686 936 2716 2.
1012 2685 1074 2718 748
1090 2694 1110 2717 a
1126 2694 1158 2716 v.
1174 2684 1205 2717 is
1219 2685 1288 2717 lost
1303 2685 1392 2717 here.
1486 2684 1548 2717 749
1564 2685 1602 2715 in
1616 2684 1720 2715 omnis

116 2739 204 2771 Flor.
233 2739 273 2771 31
297 2740 414 2771 Camb.
436 2740 580 2780 Nauger.
607 2740 659 2771 for
681 2745 713 2772 et
735 2742 848 2772 omnis.
898 2741 936 2771 in
957 2740 1069 2771 omnia
1089 2739 1186 2772 Junt.
1207 2739 1294 2771 after
1310 2739 1493 2771 Marullus:
1519 2747 1574 2770 see
1589 2740 1670 2769 note
1685 2740 1721 2769 to

117 2795 190 2827 719.
365 2795 427 2828 759
443 2804 532 2826 omne
548 2804 647 2834 glenus
662 2794 767 2827 Lach.
788 2795 840 2826 for
855 2796 1055 2835 omnigenus.
1105 2795 1292 2834 omniyenos
1308 2794 1338 2825 A
1353 2803 1437 2825 corr.
1458 2792 1550 2824 Nice.
1567 2792 1658 2824 Flor.
1675 2793 1716 2823 31

117 2848 234 2880 Camb.
250 2848 341 2889 vulg.
475 2848 537 2880 760
552 2849 733 2888 Propterea
747 2848 839 2881 Nico.
860 2858 945 2880 corr.
961 2848 1053 2880 Flor.
1071 2848 1111 2880 31
1129 2848 1247 2881 Camb.
1267 2849 1352 2881 Mar.
1374 2848 1471 2880 Junt.
1489 2847 1611 2879 Lamb.
1627 2846 1677 2879 ed.
1700 2846 1718 2878 1

117 2902 169 2933 for
186 2903 366 2934 Praeterea
380 2901 492 2933 which
509 2901 602 2933 Wak.
624 2901 703 2940 and,
722 2904 859 2942 strange
875 2904 910 2934 to
927 2912 999 2943 say,
1017 2901 1137 2934 Lamb,
1158 2901 1211 2934 ed.
1229 2903 1249 2933 2
1265 2901 1336 2934 and
1352 2903 1372 2933 3
1387 2901 1514 2933 retain.

160 2956 222 2990 763
239 2957 398 2997 extemplo
413 2955 504 2988 Brix.
524 2955 645 2988 Lamb.
662 2956 715 2988 for
731 2959 885 2998 exemplo.
1022 2956 1084 2991 765
1095 2958 1226 2999 possint
1242 2957 1362 2990 Lamb.
1383 2957 1436 2988 for
1445 2961 1598 2997 possunt.
