1997 3267
910 179 930 220 I
1668 188 1721 239 63

231 285 372 327 insula
402 300 531 340 quem
564 285 786 340 triquetris
818 291 1027 327 terrarum
1059 286 1192 342 gessit
1224 287 1268 328 in
1300 289 1395 337 oris,

232 369 361 410 quam
394 354 570 395 fluitans
601 354 760 395 circum
793 355 960 411 magnis
991 356 1256 398 anfractibus
1286 372 1444 413 aequor

230 424 403 466 Ionium
434 424 596 480 glaucis
627 424 817 479 aspargit
849 424 965 466 virus
996 425 1050 466 ab
1081 426 1219 476 undis,

231 500 500 549 angustoque
532 493 643 534 fretu
676 493 872 548 rapidum
906 509 1020 535 mare
1052 495 1208 537 dividit
1239 496 1366 539 undis
1639 511 1724 554 720

231 561 385 603 Italiae
418 568 625 603 terrarum
657 576 750 603 oras
781 576 807 603 a
836 562 994 604 finibus
1026 563 1128 605 eius.

231 631 300 673 hic
333 637 397 673 est
430 637 550 672 vasta
581 629 822 686 Charybdis
854 638 898 672 et
930 632 999 673 hic
1030 633 1225 674 Aetnaea
1256 634 1478 677 minantur

230 714 452 741 murmura
482 699 750 740 flammarum
781 714 950 740 rursum
982 715 1026 742 se
1058 700 1254 757 colligere
1286 701 1381 751 iras,

232 768 426 810 faucibus
457 773 631 823 eruptos
663 768 820 809 iterum
854 768 917 809 vis
950 776 998 810 ut
1030 775 1174 811 vomat
1206 770 1318 826 ignis

228 837 283 879 ad
313 837 563 892 caelumque
596 837 705 878 ferat
737 836 925 878 flammai
958 838 1128 893 fulgura
1158 853 1340 882 rursum.
1638 852 1718 895 725

231 920 340 962 quae
371 920 468 947 cum
501 919 658 961 magna
690 905 827 946 modis
860 906 1008 947 multis
1041 906 1235 948 miranda
1269 907 1442 950 videtur

230 975 433 1032 gentibus
465 974 664 1016 humanis
696 975 813 1029 regio
846 975 1107 1031 visendaque
1139 976 1284 1026 fertur,

231 1044 358 1086 rebus
388 1043 532 1099 opima
561 1043 695 1092 bonis,
726 1043 865 1084 multa
897 1044 1068 1084 munita
1098 1044 1236 1085 virum
1270 1045 1323 1096 vi,

231 1111 291 1153 nil
325 1118 469 1152 tamen
502 1111 581 1152 hoc
613 1111 813 1152 habuisse
848 1111 935 1153 viro
967 1112 1225 1167 praeclarius
1256 1113 1300 1154 in
1331 1128 1375 1155 se

229 1195 306 1221 nec
338 1185 534 1221 sanctum
568 1180 703 1235 magis
735 1188 778 1221 et
812 1181 966 1221 mirum
1001 1196 1232 1236 carumque
1266 1182 1446 1225 videtur.
1638 1195 1724 1238 730

231 1251 420 1292 carmina
451 1251 556 1306 quin
588 1251 719 1292 etiam
752 1250 887 1292 divini
922 1251 1105 1306 pectoris
1137 1252 1230 1293 eius

230 1320 517 1361 vociferantur
548 1325 592 1361 et
623 1327 846 1376 exponunt
879 1321 1092 1377 praeclara
1122 1327 1305 1377 reperta,

229 1395 280 1431 ut
312 1389 382 1430 vix
417 1389 606 1431 humana
636 1390 835 1432 videatur
866 1391 1000 1447 stirpe
1032 1397 1209 1434 creatus.

289 1459 373 1500 Hic
405 1464 552 1500 tamen
585 1465 629 1501 et
660 1474 790 1515 supra
821 1475 926 1516 quos
957 1460 1145 1502 diximus
1176 1461 1396 1504 inferiores

230 1528 424 1585 partibus
456 1529 626 1585 egregie
659 1529 808 1570 multis
840 1530 1062 1586 multoque
1095 1530 1291 1580 minores,
1641 1542 1721 1586 735

229 1612 491 1654 quamquam
524 1598 663 1639 multa
695 1597 804 1639 bene
836 1614 884 1640 ac
915 1598 1126 1640 divinitus
1157 1599 1428 1642 invenientes

229 1682 280 1710 ex
312 1667 442 1724 adyto
474 1674 697 1723 tamquam
729 1668 865 1710 cordis
896 1684 1097 1724 responsa
1127 1669 1281 1711 dedere

229 1738 419 1780 sanctius
450 1744 495 1781 et
525 1739 663 1780 multo
695 1744 812 1780 certa
843 1739 1008 1780 ratione
1041 1739 1178 1795 magis
1209 1754 1338 1794 quam

230 1807 388 1864 Pythia
419 1823 528 1863 quae
560 1808 719 1863 tripodi
751 1823 776 1849 a
809 1809 971 1850 Phoebi
1002 1809 1206 1864 lauroque
1238 1809 1442 1865 profatur,

230 1877 451 1933 principiis
482 1883 629 1919 tamen
661 1878 706 1918 in
737 1893 880 1919 rerum
914 1878 1049 1919 fecere
1080 1878 1226 1919 ruinas
1640 1889 1726 1933 740

229 1954 274 1990 et
304 1947 494 2004 graviter
523 1947 670 2003 magni
702 1961 858 2003 magno
890 1947 1079 1989 cecidere
1110 1947 1171 1988 ibi
1202 1962 1326 2000 casu;

228 2016 417 2073 primum
449 2016 562 2072 quod
594 2022 738 2058 motus
770 2022 971 2072 exempto
1004 2016 1131 2058 rebus
1162 2016 1280 2057 inani

228 2085 511 2135 constituunt,
545 2091 589 2127 et
619 2100 686 2127 res
716 2085 856 2126 mollis
887 2099 1087 2140 rarasque
1118 2085 1376 2141 relinquont,

229 2170 329 2199 aera
358 2155 490 2197 solem
522 2155 668 2211 ignem
699 2160 835 2196 terras
865 2155 1068 2196 animalia
1100 2154 1246 2210 frugis,

114 2307 142 2340 B
159 2307 253 2339 Gott.
270 2306 300 2338 A
315 2315 401 2338 corr.
448 2307 539 2347 longi
555 2316 682 2338 errasse
696 2305 726 2337 A
741 2315 773 2346 p.
791 2316 837 2338 m.
888 2307 1044 2346 longaeque
1061 2316 1185 2337 errasse
1202 2305 1296 2337 Nico.
1314 2307 1377 2338 ete.
1532 2307 1595 2341 720
1610 2308 1723 2339 undis.

112 2363 243 2393 undans
257 2360 362 2393 Lach.
412 2361 519 2392 almae
535 2360 650 2398 Bern.,
667 2359 812 2391 without
828 2369 940 2391 cause.
987 2359 1144 2391 Priscian
1160 2369 1174 2390 1
1190 2360 1232 2391 35
1247 2359 1410 2391 confirma
1426 2361 1535 2394 undis.
1660 2362 1722 2396 721

113 2418 237 2448 Italiae
260 2415 353 2447 Nico.
378 2415 431 2447 ior
455 2416 610 2448 Haelz'ae.
670 2416 836 2447 Haeoliae
863 2415 892 2446 A
919 2424 1005 2446 corr.
1061 2416 1197 2446 Aeoliae
1228 2415 1348 2448 Heins.
1376 2415 1413 2447 in
1439 2425 1503 2447 ms.
1529 2419 1628 2448 notes
1653 2416 1723 2448 and

114 2471 158 2505 Is.
186 2470 329 2502 Vossius
347 2469 423 2502 who
445 2479 524 2511 says
545 2469 583 2501 in
603 2479 666 2502 ms.
687 2472 787 2501 notes
805 2473 903 2502 ‘mss
924 2469 1053 2501 habent
1073 2471 1241 2502 Haeoliae
1264 2471 1317 2502 vel
1333 2473 1479 2503 Aeoliae.
1529 2471 1617 2503 Puto
1639 2471 1724 2503 olim

114 2526 162 2558 sic
176 2525 304 2557 dictam
321 2533 398 2555 eam
412 2526 548 2564 partem
563 2523 685 2556 Italiae
701 2534 805 2564 quam
821 2523 1030 2555 inhabitavit
1046 2523 1067 2555 J
1069 2526 1201 2556 ocastes
1221 2524 1318 2556 Aeoli
1339 2524 1431 2556 filius
1451 2524 1510 2565 qui
1531 2525 1575 2557 ad
1596 2525 1723 2557 fretum

115 2580 269 2613 Siculum
283 2578 484 2611 habitabat:
509 2578 585 2610 vid:
614 2578 805 2610 Diodorum
825 2579 884 2610 lib.
903 2579 933 2610 5.
951 2579 1018 2619 [ch.
1036 2580 1071 2620 8]
1092 2579 1134 2611 G.
1152 2578 1204 2610 V.’
1251 2579 1346 2611 Thus
1367 2579 1503 2620 Preiger
1523 2579 1593 2611 and
1614 2579 1722 2611 Lach-

112 2633 251 2665 mann's
272 2632 381 2664 doubt
403 2632 434 2663 is
461 2632 586 2664 solved.
644 2632 787 2665 Haverc.
817 2632 885 2663 and
909 2632 1006 2663 Wak.
1032 2632 1105 2664 also
1132 2631 1238 2672 adopt
1265 2632 1337 2664 this
1363 2632 1504 2673 reading
1531 2633 1568 2664 of
1593 2632 1723 2665 Gerard

113 2687 225 2720 father
240 2686 278 2718 of
290 2686 336 2717 Is.
352 2686 506 2717 Vossius.
654 2686 717 2718 724
732 2687 783 2717 vis
799 2691 837 2717 ut
853 2690 963 2717 vomat
977 2685 1100 2718 Lamb.
1117 2686 1170 2718 ed.
1187 2688 1207 2718 3
1228 2686 1282 2718 for
1301 2688 1353 2718 vis
1374 2691 1412 2717 ut
1433 2687 1568 2718 omniat.
1614 2691 1652 2717 ut
1671 2689 1723 2718 vis

113 2746 242 2775 evomat
263 2741 314 2774 ed.
344 2741 362 2772 1
386 2740 455 2772 and
478 2742 497 2771 2
521 2740 609 2772 after
631 2740 718 2773 Mar.
743 2741 819 2773 Ald.
845 2742 862 2772 1
886 2741 982 2774 Junt.
1011 2743 1073 2773 etc.
1244 2742 1307 2775 725
1330 2741 1451 2773 Heius.
1475 2741 1512 2772 in
1536 2751 1599 2773 ms.
1624 2744 1722 2774 notes

115 2798 196 2837 ‘leg.
223 2807 354 2829 sursum
364 2796 382 2836 ',
409 2798 446 2827 to
477 2795 576 2828 avoid
607 2795 666 2827 the
695 2796 881 2837 repetition
909 2795 945 2827 of
969 2806 1110 2828 rursum.
1337 2798 1399 2830 737
1423 2797 1526 2837 adyto
1551 2795 1642 2829 Nicc.
1671 2796 1724 2828 for

113 2854 218 2885 adito.
291 2852 354 2884 739
364 2850 524 2891 profatur
540 2850 570 2881 A
585 2859 672 2882 corr.
686 2849 778 2882 Nico.
794 2850 847 2882 for
857 2855 1025 2891 prosatur.
1113 2851 1175 2884 741
1193 2861 1273 2882 casu
1286 2849 1317 2881 A
1331 2859 1418 2882 corr.
1432 2849 1527 2881 Nico.
1541 2850 1593 2881 for
1609 2860 1722 2882 causa.

178 2907 241 2940 744
250 2907 365 2948 frugis
380 2905 438 2936 AB
454 2904 547 2936 Flor.
564 2904 605 2935 31
622 2906 682 2936 etc.
701 2906 763 2936 not
780 2905 891 2936 Nicc.:
917 2914 955 2936 so
970 2914 1006 2936 1v
1021 2906 1084 2939 577
1100 2905 1171 2937 and
1187 2906 1251 2938 992
1267 2907 1356 2937 vocis
1373 2904 1442 2936 AB.
1483 2905 1600 2945 fruyes
1615 2905 1722 2937 Lach.

113 2961 183 2994 and
205 2962 227 2993 1.
251 2960 274 2994 L
301 2969 412 2992 voces:
443 2958 487 2990 he
511 2968 590 2999 says
614 2958 883 3000 ‘[membranas]
905 2959 1062 2999 quamvis
1088 2959 1343 2992 consentientes
1367 2958 1498 2991 imitari
1524 2968 1630 2991 ausus
1653 2971 1724 2993 non
