1997 3267
211 211 235 239 2
241 211 294 251 74
993 191 1055 232 VI

325 303 491 346 fumida
520 317 616 344 cum
649 301 756 343 caeli
787 299 1020 342 scintillare
1051 298 1193 340 omnia
1225 297 1388 353 templa

327 378 551 416 cernentes
580 370 739 428 pavida
768 369 1043 425 complebant
1073 373 1247 424 pectora
1277 382 1389 416 cura,
1639 385 1644 392 ·
1741 366 1823 419 645

326 441 430 499 quid
463 440 686 482 moliretur
717 453 860 480 rerum
891 444 1048 478 natura
1077 449 1295 477 novarum.

386 511 517 552 Hisce
549 508 631 551 tibi
663 508 708 549 in
738 507 867 549 rebus
898 507 1028 547 latest
1059 505 1232 560 alteque
1264 503 1499 546 videndum

328 587 373 624 et
404 581 529 637 longe
560 584 737 621 cunctas
768 577 814 618 in
844 575 980 632 partis
1011 573 1339 631 dispiciendum,

328 657 378 693 ut
409 647 695 692 reminiscaris
726 660 941 688 summam
973 659 1116 686 rerum
1149 658 1239 685 esse
1270 642 1525 698 profundam

327 725 372 762 et
404 718 548 760 videas
579 717 745 758 caelum
776 713 962 756 summai
993 713 1129 755 totius
1160 726 1296 754 unum
1744 711 1831 765 650

328 801 457 843 quam
489 786 546 827 sit
577 783 756 840 parvula
786 797 884 838 pars
915 787 960 823 et
991 795 1121 836 quam
1153 779 1402 821 multesima
1431 784 1609 828 constet,

327 871 406 898 nec
437 861 530 897 tota
560 869 670 910 pars,
701 852 827 894 homo
859 850 987 893 terrai
1018 856 1150 906 quota
1181 849 1316 891 totius
1347 863 1469 891 unus.

328 924 441 982 quod
471 924 581 966 bene
612 921 878 978 propositum
910 920 946 962 si
977 920 1103 976 plane
1134 926 1362 961 contueare

328 1010 377 1036 ac
407 994 553 1036 videas
584 993 723 1049 plane,
754 990 900 1032 mirari
931 989 1072 1031 multa
1103 989 1329 1045 relinquas.

329 1064 533 1121 numquis
564 1063 678 1105 enim
710 1067 906 1103 nostrum
938 1061 1121 1101 miratur
1151 1058 1287 1114 siquis
1318 1058 1362 1099 in
1394 1064 1515 1100 artus
1745 1057 1828 1110 655

330 1134 496 1190 accepit
526 1133 664 1176 calido
694 1132 848 1174 febrim
881 1131 1043 1172 fervore
1075 1135 1264 1171 coortam

329 1210 406 1246 aut
437 1203 569 1245 alium
602 1201 798 1258 quemvis
829 1199 967 1241 morbi
997 1213 1073 1254 per
1104 1197 1297 1239 membra
1327 1196 1548 1238 dolorem?

329 1271 595 1329 opturgescit
627 1271 742 1313 enim
774 1269 918 1311 subito
948 1283 1035 1324 pes,
1067 1267 1220 1323 arripit
1250 1281 1348 1308 acer

329 1356 456 1397 saepe
488 1341 606 1383 dolor
636 1339 801 1387 denteS,
831 1338 974 1380 oculos
1005 1336 1174 1378 invadit
1205 1336 1250 1377 in
1282 1335 1408 1391 ipsos,

331 1410 481 1453 existit
511 1424 628 1451 sacer
658 1408 772 1465 ignis
803 1413 848 1449 et
879 1407 968 1448 urit
999 1420 1172 1461 corpore
1203 1418 1378 1460 serpens
1747 1402 1834 1445 660

331 1494 646 1537 quamcumque
678 1478 861 1533 arripuit
892 1476 1062 1532 partim,
1094 1475 1292 1531 repitque
1324 1488 1400 1530 per
1430 1479 1562 1523 artus,

330 1549 536 1592 nimirum
569 1549 670 1605 quia
701 1554 803 1589 sunt
833 1547 1069 1588 multarum
1101 1545 1267 1586 semina
1296 1558 1452 1593 rerum,

333 1626 378 1662 et
409 1620 513 1662 satis
544 1619 648 1660 haec
679 1617 810 1659 tellus
840 1616 964 1658 nobis
995 1615 1247 1670 caelumque
1278 1613 1382 1655 mali
1413 1613 1507 1662 fert,

334 1691 449 1733 unde
480 1695 611 1746 queat
643 1688 707 1729 vis
737 1686 939 1728 immensi
971 1699 1239 1742 procrescere
1270 1683 1420 1725 morbi.

333 1761 394 1802 sic
425 1759 560 1814 igitur
590 1757 673 1798 toti
704 1756 820 1798 caelo
851 1762 1076 1810 terraeque
1108 1752 1397 1809 putandumst
1746 1750 1830 1803 665

333 1844 386 1871 ex
418 1827 588 1869 infinito
619 1825 725 1867 satis
755 1824 900 1866 omnia
930 1822 1220 1879 suppeditare,

335 1896 449 1939 unde
479 1901 658 1951 repente
689 1899 821 1950 queat
853 1892 984 1934 tellus
1015 1906 1217 1933 concussa
1248 1889 1411 1932 moveri

335 1979 494 2022 perque
526 1978 642 2005 mare
673 1977 722 2004 ac
753 1968 889 2003 terras
920 1960 1096 2016 rapidus
1127 1973 1373 2016 percurrere
1405 1957 1546 2007 turbo,

334 2034 448 2091 ignis
478 2033 697 2075 abundare
730 2031 962 2080 Aetnaeus,
993 2030 1284 2071 flammescere
1314 2028 1506 2079 caelum;

335 2104 380 2146 id
411 2117 580 2159 quoque
612 2101 727 2143 enim
759 2100 810 2141 fit
841 2106 886 2141 et
917 2100 1147 2141 ardescunt
1179 2097 1380 2140 caelestia
1410 2095 1585 2152 templa,
1752 2097 1840 2148 670

337 2179 382 2215 et
411 2176 694 2228 tempestates
725 2169 896 2226 pluviae
927 2168 1121 2226 graviore
1153 2172 1300 2209 coortu

337 2248 450 2293 sunt,
480 2241 556 2283 ubi
587 2241 695 2283 forte
726 2239 789 2281 ita
819 2254 864 2281 se
895 2238 1139 2281 tetulerunt
1171 2237 1335 2279 semina
1364 2250 1585 2292 aquarum.

337 2317 406 2354 ‘at
436 2311 564 2353 nimis
596 2316 661 2352 est
691 2309 844 2365 ingens
874 2308 1045 2350 incendi
1076 2306 1276 2349 turbidus
1306 2305 1452 2347 ardor.’

337 2381 499 2423 scilicet
530 2385 574 2421 et
605 2378 763 2420 fluvius
793 2378 933 2434 quivis
964 2383 1030 2419 est
1060 2376 1275 2418 maximus
1305 2375 1345 2417 ei

339 2449 414 2506 qui
444 2464 530 2490 non
560 2454 661 2489 ante
693 2447 881 2503 aliquem
912 2446 1118 2487 maiorem
1149 2443 1273 2494 vidit,
1303 2449 1349 2486 et
1379 2443 1532 2500 ingens
1752 2441 1834 2493 675

339 2518 462 2560 arbor
492 2517 704 2571 homoque
735 2515 919 2565 videtur,
950 2520 995 2556 et
1026 2513 1170 2556 omnia
1201 2513 1254 2554 de
1285 2526 1443 2569 genere
1474 2511 1590 2553 omni

226 2720 289 2742 ms.
306 2713 405 2742 notes
420 2709 473 2740 for
492 2709 673 2739 Flammae.
828 2706 892 2738 648
908 2706 1153 2747 dispiciendum
1173 2704 1266 2736 Nice.
1289 2704 1341 2735 for
1361 2703 1618 2744 despiciendum.
1771 2700 1836 2734 652

226 2763 407 2806 corrupted
428 2763 474 2804 by
496 2763 583 2794 Mar.
601 2762 697 2793 Junt.
719 2760 841 2792 Lamb.
862 2762 925 2793 etc.
1059 2760 1123 2792 653
1142 2761 1350 2801 propositum
1373 2759 1401 2789 B
1425 2767 1510 2791 corr.
1537 2757 1614 2790 Ver.
1638 2755 1723 2790 Ven.
1750 2755 1839 2791 Mar.

228 2820 279 2852 for
289 2820 490 2860 propositus.
541 2817 749 2858 propositum
764 2820 812 2847 est
827 2814 918 2846 Flor.
936 2815 977 2846 31
994 2814 1112 2846 Camb.
1175 2815 1274 2854 plane
1290 2813 1319 2844 B
1337 2822 1423 2844 corr.
1439 2811 1532 2844 Flor.
1549 2812 1590 2843 31
1607 2811 1724 2843 Camb.
1744 2810 1840 2845 Mon.

228 2875 280 2906 for
297 2875 406 2915 plani.
542 2872 604 2904 663
627 2872 720 2903 nobis
743 2870 828 2901 Mar.
853 2870 948 2901 Junt.
971 2869 1090 2901 Lamb.
1117 2871 1180 2900 etc.
1205 2869 1258 2900 for
1279 2869 1385 2900 morbi
1408 2865 1521 2898 which
1543 2865 1608 2898 has
1631 2875 1727 2898 come
1749 2865 1838 2897 from

230 2928 302 2960 664.
350 2927 421 2958 orbi
437 2925 543 2957 Lach.
698 2923 761 2956 674
777 2924 890 2964 quivis
906 2928 953 2954 est
968 2922 1081 2954 Bentl.
1099 2922 1151 2954 for
1173 2923 1230 2962 qui
1246 2923 1347 2953 visus.
1394 2921 1506 2962 quivis
1522 2924 1561 2951 ut
1580 2918 1703 2951 Heius.
1719 2918 1756 2950 in
1771 2927 1839 2951 ms.

230 2983 337 3019 notes,
359 2980 427 3012 and
444 2980 490 3010 Is.
506 2979 604 3012 Voss.
624 2978 662 3010 in
677 2988 741 3009 ms.
758 2980 867 3009 notes.
918 2978 977 3018 qui
991 2987 1057 3008 non
1073 2981 1120 3008 est
1134 2975 1255 3007 Lamb.
1306 2980 1355 3008 est
1369 2974 1400 3006 is
1415 2973 1525 3006 added
1541 2974 1628 3006 after
1642 2975 1674 3006 ei
1689 2973 1733 3014 by
1746 2972 1840 3007 Flor.
