1997 3267
210 203 287 232 112
951 185 999 226 II

320 301 364 337 et
394 295 517 351 quasi
546 295 631 336 iam
663 294 741 336 leti
770 294 1065 335 dominantem
1096 292 1141 333 in
1172 305 1343 346 corpore
1374 296 1540 331 motum

320 365 532 407 discutere
563 379 611 406 ac
641 378 778 419 paene
809 363 987 405 amissos
1017 361 1246 402 accendere
1277 374 1435 401 sensus.

320 448 419 474 nam
451 448 536 488 qua
565 447 610 474 re
641 432 786 488 potius
816 431 894 473 leti
924 431 1010 472 iam
1042 430 1189 471 limine
1219 429 1273 470 ab
1304 427 1395 483 ipso
1719 426 1806 479 960

320 502 375 544 ad
404 502 539 543 vitam
569 501 703 557 possit
733 501 925 542 conlecta
955 505 1100 541 mente
1131 498 1301 547 reverti,

322 586 450 627 quam
482 585 566 626 quo
597 570 823 612 decursum
855 583 986 625 prope
1017 568 1103 609 iam
1134 567 1216 608 siet
1247 567 1307 608 ire
1339 571 1383 607 et
1413 564 1565 607 abire?

380 640 607 681 Praeterea
638 638 841 694 quoniam
872 638 990 679 dolor
1021 642 1086 678 est
1116 636 1192 677 ubi
1222 634 1420 676 materiai

322 723 494 763 corpora
524 707 567 749 vi
597 707 782 763 quadam
813 721 890 762 per
920 706 1080 747 viscera
1110 705 1207 745 viva
1236 719 1313 759 per
1342 709 1462 745 artus

323 777 552 818 sollicitata
582 775 670 817 suis
701 775 920 830 trepidant
951 775 995 815 in
1027 774 1200 815 sedibus
1230 773 1361 823 intus,
1721 771 1803 824 965

323 845 452 901 inque
484 845 623 886 locum
655 844 824 899 quando
855 843 1100 899 remigrant,
1132 842 1182 883 fit
1213 842 1372 883 blanda
1401 841 1609 896 voluptas

325 914 429 956 scire
461 914 561 955 licet
593 913 711 954 nullo
741 911 973 968 primordia
1003 926 1125 966 posse
1156 911 1297 952 dolore

325 983 529 1037 temptari
560 982 809 1037 nullamque
840 982 1107 1036 voluptatem
1139 994 1289 1035 capere
1320 993 1372 1021 ex
1403 993 1472 1030 seg

323 1051 668 1108 quandoquidem
699 1066 783 1092 non
814 1058 915 1092 sunt
946 1065 997 1092 ex
1028 1049 1127 1090 ullis
1157 1048 1462 1104 principiorum

325 1120 578 1176 corporibus,
609 1135 790 1175 quorum
821 1127 965 1160 motus
995 1119 1186 1159 novitate
1218 1118 1412 1159 laborent
1723 1126 1811 1170 970

324 1196 401 1232 aut
431 1190 617 1245 aliquem
649 1189 836 1230 fructum
868 1188 1039 1243 capiant
1071 1187 1308 1229 dulcedinis
1338 1187 1487 1237 almae,

327 1259 434 1300 haut
464 1258 601 1314 igitur
631 1257 791 1299 debent
822 1271 912 1298 esse
944 1257 1030 1297 ullo
1062 1255 1257 1310 praedita
1286 1270 1421 1297 sensu.

385 1327 586 1382 Denique
617 1327 684 1368 uti
714 1326 879 1381 possint
909 1325 1068 1366 sentire
1100 1324 1303 1365 animalia
1333 1338 1539 1379 quaeque,

327 1397 547 1452 principiis
578 1396 613 1437 si
644 1396 730 1437 iam
761 1400 827 1436 est
858 1409 1005 1436 sensus
1036 1393 1291 1435 tribuendus
1322 1408 1479 1442 eorum,

328 1465 443 1521 quid,
474 1479 612 1521 genus
643 1464 879 1505 humanum
912 1462 1138 1518 propritim
1169 1462 1222 1502 de
1254 1461 1401 1516 quibu'
1432 1461 1667 1502 factumst?
1726 1469 1807 1513 975

329 1534 489 1575 scilicet
522 1539 566 1575 et
597 1533 685 1574 risu
716 1532 901 1573 tremulo
932 1545 1134 1572 concussa
1165 1530 1422 1571 cachinnant

329 1608 374 1644 et
404 1601 589 1643 lacrimis
620 1605 828 1656 spargunt
858 1599 1101 1640 rorantibus
1132 1612 1205 1639 ora
1235 1611 1454 1653 genasque

328 1671 550 1725 multaque
581 1670 634 1711 de
664 1684 806 1710 rerum
838 1668 1026 1709 mixtura
1056 1666 1195 1708 dicere
1227 1666 1383 1707 callent

329 1745 373 1781 et
403 1739 484 1780 sibi
514 1754 713 1794 proporro
745 1753 854 1793 quae
885 1737 973 1779 sint
1005 1735 1235 1791 primordia
1267 1740 1482 1790 quaerunt
1499 1749 1509 1787 3

330 1808 674 1864 quandoquidem
706 1807 809 1848 totis
840 1805 1093 1847 mortalibus
1124 1803 1383 1845 adsimulata
1729 1805 1816 1857 980

217 1969 341 2001 navias.
430 1968 539 1999 eiecit.
584 1967 664 1998 eicit
679 1965 769 1997 Nice.
790 1965 881 1996 Flor.
899 1965 939 1996 31
957 1963 1073 1996 Camb.
1206 1963 1269 1995 954
1285 1963 1394 1994 oblato
1410 1961 1466 1993 old
1482 1961 1552 1993 eds.
1569 1961 1622 1992 for
1636 1961 1758 1994 oblata.

259 2022 321 2055 961
338 2023 483 2053 conlecta
501 2019 622 2052 Lamb.
644 2020 718 2051 first
741 2019 793 2050 for
814 2020 961 2050 coniecta
976 2017 1087 2048 which
1103 2016 1201 2048 Wak.
1217 2016 1378 2055 absurdly
1395 2015 1533 2047 retains.
1589 2017 1697 2056 possit
1710 2015 1815 2048 Lach.

217 2077 269 2108 for
286 2077 434 2116 possint:
459 2084 497 2106 as
512 2074 570 2106 the
593 2073 672 2105 verb
694 2075 821 2105 cannot
842 2073 928 2104 refer
948 2074 984 2104 to
1000 2081 1113 2103 sensus
1129 2081 1167 2102 or
1183 2070 1352 2111 anything
1367 2070 1429 2101 but
1446 2071 1597 2110 quamvis
1614 2071 1814 2102 animantem

217 2131 255 2162 in
272 2131 346 2164 944.
479 2129 541 2161 963
557 2129 748 2160 Praeterea.
804 2131 981 2168 propterea
996 2125 1100 2157 Lach.
1122 2125 1329 2165 perversely:
1354 2134 1407 2155 see
1421 2127 1522 2154 notes
1537 2124 1573 2154 2:
1598 2133 1618 2155 a
1632 2133 1705 2155 new
1720 2133 1816 2164 para-

218 2184 324 2225 graph
346 2183 463 2224 begins
485 2182 575 2215 here.
755 2182 817 2214 975
840 2182 879 2212 de
904 2180 1016 2221 quibu’
1034 2181 1198 2220 factumst
1221 2178 1339 2211 Lamb.
1366 2178 1419 2210 for
1443 2179 1482 2209 de
1500 2179 1619 2218 quibus
1640 2183 1816 2217 auctumst,

219 2239 287 2270 and
302 2239 365 2270 986
380 2248 445 2269 non
468 2247 508 2268 ex
524 2235 703 2268 ridentibu’
721 2236 836 2275 factus
860 2235 913 2265 for
935 2245 1001 2265 non
1023 2244 1064 2265 ea·
1087 2234 1272 2264 ridentibus
1296 2237 1423 2264 auctus.
1470 2231 1601 2263 Nonius
1616 2241 1650 2272 p.
1667 2232 1729 2263 511
1752 2232 1817 2264 has

219 2294 258 2324 de
282 2293 400 2333 quibus
422 2297 527 2323 actus.
575 2290 695 2322 Lamb.
720 2290 770 2321 ed.
798 2291 817 2320 3
842 2288 925 2320 adds
947 2290 1038 2319 most
1063 2288 1155 2328 truly
1180 2287 1350 2318 ‘Primum
1374 2286 1497 2317 Latine
1521 2285 1587 2318 dici
1610 2295 1681 2317 non
1703 2289 1818 2327 potest

219 2352 334 2379 auctus
351 2348 390 2378 de
405 2356 439 2377 re
456 2348 516 2377 aut
533 2355 572 2376 ex
593 2355 627 2376 ‘re
645 2346 773 2384 aliqua,
793 2343 851 2375 sed
872 2348 988 2374 auctus
1004 2352 1039 2373 re
1055 2343 1173 2382 aliqua
1191 2341 1368 2381 [speaking
1384 2340 1421 2372 of
1441 2349 1558 2372 course
1574 2340 1610 2371 of
1632 2339 1690 2372 the
1705 2342 1817 2372 atoms

220 2401 257 2433 of
277 2400 387 2432 which
410 2410 431 2431 a
452 2399 553 2439 thing
576 2399 606 2430 is
629 2398 750 2430 made:
783 2408 803 2429 v
826 2398 889 2428 322
914 2397 1136 2437 quodcumque
1160 2397 1248 2426 alias
1273 2405 1313 2426 ex
1334 2404 1368 2426 se
1389 2405 1440 2426 res
1464 2398 1562 2433 auqet
1584 2394 1724 2434 alitque,
1748 2395 1818 2426 and

220 2455 279 2487 the
293 2455 361 2486 like
374 2454 461 2486 have
476 2453 622 2492 nothing
637 2455 673 2484 to
689 2452 732 2484 do
748 2451 831 2483 with
847 2451 906 2483 the
927 2450 1111 2490 question}
1161 2460 1244 2481 nam
1268 2455 1384 2481 auctus
1406 2458 1525 2480 casum
1542 2448 1725 2489 septimum
1744 2448 1818 2481 sine
1866 2452 1871 2455 “

221 2508 469 2550 praepositione
491 2508 654 2548 postulat.
699 2506 821 2537 deinde
844 2504 938 2537 aliud
960 2506 1011 2536 est
1035 2509 1150 2535 auctus
1174 2514 1208 2535 re
1234 2504 1362 2543 aliqua,
1388 2502 1483 2534 aliud
1499 2503 1616 2543 factus
1639 2503 1678 2534 de
1700 2512 1735 2534 re
1758 2505 1818 2535 aut

222 2574 261 2595 eoe
280 2574 314 2595 re
336 2564 464 2603 aliqua.
509 2561 575 2592 hoc
596 2560 655 2600 qui
675 2560 793 2596 nescit,
811 2559 961 2590 fateatur
977 2568 1012 2589 se
1029 2557 1202 2597 hospitem
1217 2567 1290 2588 esse
1305 2557 1342 2587 in
1363 2556 1480 2595 lingua
1496 2555 1657 2587 Latina':
1681 2555 1751 2587 this
1772 2555 1817 2588 he

222 2618 394 2650 doubtless
416 2615 579 2647 intended
602 2615 654 2646 for
678 2614 847 2646 Gifanius.
894 2613 991 2645 Wak.
1015 2623 1110 2644 more
1134 2612 1273 2643 fearless
1301 2611 1386 2643 than
1416 2611 1474 2643 the
1504 2610 1622 2651 angels
1651 2610 1753 2650 keeps
1783 2611 1820 2642 of

222 2682 339 2704 course
369 2676 500 2703 auctum
527 2669 596 2702 and
618 2669 699 2700 thus
721 2670 923 2707 comments,
956 2667 1121 2699 ‘editores
1145 2672 1259 2707 aptum
1282 2668 1386 2707 [most
1411 2666 1559 2707 factum]
1581 2665 1656 2697 ausi
1679 2665 1815 2704 scilicet,

222 2727 318 2758 libris
348 2725 506 2758 omnibus
535 2724 733 2764 religionem
763 2723 1003 2755 invocantibus
1033 2724 1152 2753 contra
1175 2722 1337 2762 profanos
1360 2720 1606 2760 emendatores,
1632 2719 1817 2752 dictionem

222 2780 380 2812 Lucretio
406 2778 645 2811 lubentissime
667 2777 921 2817 frequentatam
945 2778 1106 2808 contextu
1133 2786 1297 2813 emovere,
1321 2778 1355 2807 et
1379 2775 1469 2806 fetus
1492 2774 1647 2814 proprios
1673 2784 1732 2815 per
1758 2785 1816 2807 au-

224 2834 358 2866 daciam
389 2832 641 2864 odiosissimam
669 2832 771 2870 atque
801 2830 1066 2871 perditissimam
1095 2830 1264 2861 infercire.
1310 2831 1349 2862 ὡς
1380 2830 1538 2870 ἀργαλέον
1569 2827 1689 2870 πρᾶγμ’
1718 2831 1815 2868 ἐστίν,

225 2889 249 2921 ὦ
273 2891 331 2921 Ζεῦ
355 2890 406 2920 καὶ
430 2889 495 2919 θεοί
507 2887 524 2919 ’.
574 2885 679 2926 Truly
702 2887 810 2917 delira
836 2886 915 2916 haec
932 2885 1129 2925 furiosaque
1152 2885 1313 2915 cernimus
1337 2893 1402 2915 esse
1425 2884 1473 2913 Et
1495 2883 1604 2914 ridere
1622 2887 1730 2922 potest
1752 2893 1817 2915 non

225 2954 265 2975 esc
286 2941 464 2974 ridentibu’
481 2942 608 2982 sactus.
792 2939 855 2973 976
878 2939 935 2970 AB
958 2938 1044 2970 have
1066 2938 1147 2969 here
1170 2940 1366 2970 cacinnant:
1391 2936 1462 2969 and
1485 2947 1523 2968 so
1545 2936 1691 2978 perhaps
1714 2936 1815 2970 Lucr.
