1997 3267
969 172 1032 214 IV
1734 186 1811 227 193

324 289 369 326 et
399 283 521 340 quasi
551 282 786 339 pantherae
818 296 959 324 morsu
991 281 1161 323 saevive
1192 281 1326 323 leonis

323 352 584 394 mandantur
613 351 782 407 magnis
813 350 1070 392 clamoribus
1101 349 1245 391 omnia
1274 349 1501 405 complent.

323 421 452 462 multi
483 420 535 462 de
566 419 735 476 magnis
766 433 842 474 per
872 433 1070 460 somnum
1102 417 1220 460 rebu'
1251 418 1487 473 loquuntur

323 489 565 545 indicioque
596 489 663 530 sui
694 488 796 530 facti
827 502 1030 544 persaepe
1064 488 1191 529 fuere.

324 558 452 599 multi
484 563 664 599 mortem
697 557 867 598 obeunt.
911 556 1051 605 multi,
1082 556 1135 598 de
1167 555 1388 598 montibus
1419 556 1518 598 altis
1707 569 1814 599 1020

325 635 375 670 ut
406 628 478 684 qui
510 627 797 683 praecipitent
827 626 882 668 ad
914 632 1071 668 terram
1103 640 1276 681 corpore
1308 631 1411 675 toto,

325 703 607 739 externantur
637 702 681 738 et
712 711 764 738 ex
795 711 943 738 somno
974 696 1095 751 quasi
1127 695 1335 738 mentibu'
1367 696 1482 751 capti

326 766 395 808 vix
427 766 481 808 ad
513 781 557 808 se
588 765 773 807 redeunt
804 765 990 821 permoti
1022 765 1207 821 corporis
1238 771 1371 807 aestu.

326 836 487 878 fiumen
519 836 623 877 item
656 835 806 877 sitiens
837 842 914 877 aut
946 835 1110 877 fontem
1141 841 1317 891 propter
1346 850 1574 877 amoenum

326 905 493 946 adsidet
525 910 569 946 et
600 910 741 946 totum
773 919 904 961 prope
937 904 1132 946 faucibus
1163 911 1344 961 occupat
1374 921 1554 947 amnem.
1708 914 1812 957 1025

326 974 423 1029 puri
454 988 580 1029 saepe
612 974 751 1015 lacum
784 979 959 1030 propter
989 974 1024 1015 si
1056 989 1104 1016 ac
1135 974 1249 1016 dolia
1279 980 1401 1016 curta

326 1057 473 1084 somno
504 1042 694 1084 devincti
725 1042 907 1084 credunt
938 1057 982 1084 se
1015 1043 1218 1084 extollere
1251 1049 1426 1093 vestem,

327 1112 462 1154 totius
494 1127 684 1153 umorem
716 1118 932 1154 saccatum
964 1113 1139 1167 corpori’
1171 1112 1371 1162 fundunt,

327 1197 424 1224 cum
458 1181 718 1237 Babylonica
750 1182 975 1239 magnifico
1006 1182 1230 1238 splendore
1261 1182 1469 1239 rigantur.

327 1257 423 1294 tum
455 1251 612 1307 quibus
642 1251 799 1293 aetatis
831 1252 941 1293 freta
971 1252 1174 1307 primitus
1205 1252 1451 1293 insinuatur
1710 1265 1820 1305 1030

328 1336 486 1370 semen,
516 1321 592 1362 ubi
623 1321 715 1376 ipsa
746 1321 837 1362 dies
868 1321 1073 1363 membris
1104 1327 1276 1363 matura
1307 1322 1479 1372 creavit,

328 1389 589 1432 conveniunt
621 1389 848 1431 simulacra
879 1389 980 1431 foris
1011 1404 1034 1431 e
1066 1404 1238 1445 corpore
1270 1404 1440 1445 quoque

328 1459 483 1501 nuntia
513 1460 719 1516 praeclari
750 1460 892 1502 voltus
923 1460 1177 1516 pulchrique
1208 1459 1367 1509 coloris,

328 1529 403 1584 qui
434 1529 519 1571 ciet
549 1529 733 1571 inritans
764 1530 855 1572 loca
886 1530 1061 1587 turgida
1093 1530 1255 1571 semine
1286 1530 1436 1578 multo,

328 1604 380 1640 ut
411 1598 532 1654 quasi
562 1598 791 1641 transactis
822 1613 947 1655 saepe
979 1598 1169 1641 omnibu'
1200 1598 1317 1641 rebu'
1348 1598 1609 1654 profundant
1713 1609 1816 1651 1035

330 1667 519 1709 fluminis
551 1668 739 1724 ingentis
769 1667 927 1710 fluctus
957 1674 1207 1723 vestemque
1240 1673 1478 1709 cruentent.

389 1735 657 1778 Sollicitatur
686 1736 730 1777 id
760 1737 806 1778 in
838 1736 969 1786 nobis,
1002 1736 1115 1792 quod
1146 1736 1335 1778 diximus
1366 1743 1480 1786 ante,

330 1819 487 1853 semen,
518 1804 668 1846 adulta
698 1810 817 1846 aetas
848 1819 945 1846 cum
976 1805 1164 1860 primum
1196 1805 1366 1846 roborat
1396 1811 1526 1847 artus.

330 1887 516 1928 namque
547 1873 651 1914 alias
681 1873 799 1914 aliud
829 1888 896 1915 res
927 1879 1167 1915 commovet
1198 1880 1329 1929 atque
1360 1874 1553 1925 lacessit;

331 1957 382 1984 ex
414 1942 586 1984 homine
619 1943 857 1984 humanum
889 1958 1035 1985 semen
1067 1943 1151 1985 ciet
1182 1959 1269 1985 una
1299 1943 1484 1985 hominis
1515 1944 1587 1986 vis.
1714 1955 1823 1996 1040

331 2011 446 2067 quod
478 2011 605 2052 simul
637 2017 767 2067 atque
799 2012 887 2054 suis
918 2012 1103 2054 eiectum
1135 2012 1308 2054 sedibus
1339 2013 1440 2063 exit,

331 2095 407 2136 per
437 2079 630 2121 membra
659 2086 790 2136 atque
821 2089 941 2122 artus
971 2080 1141 2122 decedit
1172 2096 1344 2137 corpore
1376 2087 1468 2124 toto

331 2148 378 2190 in
409 2148 499 2190 loca
529 2148 786 2214 conveniens
818 2163 1046 2191 nervorum
1078 2156 1196 2191 certa
1226 2150 1397 2206 cietque

332 2218 536 2260 continuo
567 2218 702 2274 partis
733 2218 934 2274 genitalis
965 2219 1150 2275 corporis
1180 2219 1303 2275 ipsas.

332 2288 512 2329 inritata
541 2293 714 2329 tument
746 2289 837 2329 loca
867 2288 1029 2330 semine
1061 2288 1196 2344 fitque
1227 2289 1426 2331 voluntas
1713 2301 1816 2343 1045

333 2357 468 2399 eicere
498 2357 543 2399 id
574 2371 658 2413 quo
688 2372 732 2398 se
764 2357 987 2399 contendit
1017 2358 1112 2400 dira
1143 2358 1300 2408 lubido,

217 2464 324 2496 cedes.
370 2465 497 2504 Mayna
518 2467 636 2497 etenim
658 2465 744 2497 Mar.
762 2465 858 2498 Junt.
878 2466 1001 2498 Lamb.
1018 2467 1180 2507 wrongly.
1225 2472 1358 2506 mentes,
1379 2469 1510 2508 magnis
1531 2470 1588 2510 quc·
1608 2469 1771 2501 mentibus
1792 2480 1820 2501 e.

217 2520 265 2551 M.
285 2518 391 2550 Lach.
410 2519 594 2560 strangely.
775 2521 857 2552 1021
887 2522 930 2553 Ut
946 2522 1006 2562 qui
1022 2521 1052 2552 A
1066 2531 1099 2562 p.
1117 2531 1163 2554 m.
1184 2521 1323 2562 rightly.
1375 2523 1417 2554 Ut
1434 2524 1531 2563 quasi
1546 2522 1606 2554 BA
1621 2533 1707 2555 corr.
1724 2523 1816 2556 Nico.

217 2574 309 2605 Flor.
327 2574 367 2605 31
385 2572 502 2605 Camb.
520 2573 566 2605 all
588 2573 665 2606 Vat.
690 2573 783 2606 Mon.
810 2576 892 2606 etc.:
917 2574 1025 2606 hence
1046 2575 1150 2606 much
1170 2575 1352 2608 confusion
1374 2575 1488 2609 before
1510 2576 1607 2610 Wak.
1657 2578 1699 2610 Se
1723 2578 1822 2618 quasi

218 2627 303 2659 Mar.
441 2627 525 2658 1022
548 2628 782 2659 Externantur
796 2627 903 2660 Lach.
920 2628 972 2660 for
990 2630 1228 2661 Exterrn-ntur.
1274 2631 1497 2662 Exterrentur
1514 2631 1604 2671 vulg.
1738 2631 1822 2663 1026

217 2684 265 2714 sei
285 2681 390 2715 Lach.
409 2682 463 2714 for
483 2692 532 2714 se:
558 2682 644 2715 Mar.
665 2682 762 2715 Junt.
779 2683 870 2724 vulg.
891 2683 976 2715 omit
991 2694 1024 2716 se
1041 2683 1078 2715 in
1096 2684 1191 2722 1027,
1208 2684 1277 2717 and
1295 2685 1379 2717 1028
1399 2684 1507 2718 insert
1523 2691 1560 2717 ut
1575 2686 1665 2717 after
1681 2686 1819 2728 (Avanc.

218 2736 343 2778 before)
360 2742 539 2776 saccatum,
559 2737 627 2769 and
643 2737 723 2769 read
731 2739 883 2779 fundant
897 2738 981 2770 with
996 2738 1089 2770 Brix.
1108 2738 1149 2781 (5²)
1168 2739 1242 2771 Ver.
1263 2739 1347 2771 Ven.
1582 2741 1665 2772 1032
1681 2750 1820 2782 quoque.

219 2793 360 2832 quodam
374 2791 478 2823 Lach.
496 2791 641 2823 without
656 2802 777 2824 reason
793 2792 811 2824 I
826 2792 937 2826 think.
1089 2793 1172 2825 1034
1198 2794 1264 2834 Qui
1279 2793 1400 2826 Lamb.
1418 2794 1470 2826 for
1488 2795 1590 2834 Quae.
1737 2795 1821 2827 1035

224 2846 267 2877 Ut
282 2845 368 2878 Mar.
388 2845 533 2886 Nauger.
554 2846 607 2877 for
622 2847 682 2878 Et.
700 2874 703 2879 .
816 2847 899 2879 1036
922 2852 1093 2879 cruentant
1107 2847 1200 2880 Flor.
1220 2848 1261 2879 31
1279 2847 1395 2880 Camb.
1416 2848 1469 2880 for
1484 2853 1642 2883 cruentet.

263 2901 347 2934 1037
370 2902 407 2932 id
429 2902 467 2932 in
488 2902 582 2932 nobis
604 2900 695 2932 Flor.
720 2901 761 2932 31
786 2901 902 2935 Camb.
930 2901 1031 2933 Pont.
1055 2902 1181 2935 Avanc.
1209 2904 1245 2935 at
1269 2902 1336 2935 end
1355 2903 1392 2935 of
1411 2903 1568 2935 Catullus
1586 2903 1640 2936 for
1659 2905 1697 2935 id
1716 2905 1820 2936 nobis.

220 2953 256 2983 id
278 2962 294 2984 e
317 2952 423 2984 Lach.
484 2954 571 2985 idem
593 2952 688 2984 Brix.
705 2953 782 2986 Ver.
800 2954 884 2986 Ven.
899 2954 1028 2988 Avanc.
1047 2954 1085 2987 in
1099 2954 1174 2988 Ald.
1197 2956 1226 2989 1.
1435 2957 1520 2990 1038
1543 2958 1661 2989 adulta
1681 2957 1711 2988 B
1732 2966 1816 2990 corr.

334 3019 380 3051 M.
1654 3014 1708 3057 13
