1997 3267
900 158 940 199 V
1641 173 1719 215 215

238 281 361 307 umor
390 266 493 307 item
526 267 739 322 quondam
771 266 912 322 coepit
944 281 1144 322 superare
1175 273 1354 316 coortus,

238 339 289 375 ut
320 334 432 375 fama
463 340 539 383 est,
571 335 793 376 hominum
825 334 984 376 multas
1016 335 1186 390 quando
1217 335 1360 377 obruit
1394 335 1520 378 urbis.

237 402 337 444 inde
367 403 444 444 ubi
474 403 537 444 vis
567 403 711 459 aliqua
740 403 906 445 ratione
936 418 1084 445 aversa
1113 404 1299 454 recessit,

237 484 288 512 ex
320 470 490 513 infinito
521 472 661 513 fuerat
694 486 989 527 quaecumque
1021 478 1175 520 coorta,

238 539 524 581 constiterunt
555 540 712 581 imbres
743 545 787 581 et
818 539 999 581 flumina
1029 540 1116 580 vim
1148 540 1409 583 minuerunt.
1637 553 1718 595 415

298 608 383 649 Sed
415 608 569 664 quibus
600 608 670 650 ille
703 608 840 649 modis
871 608 1088 650 coniectus
1119 608 1317 650 materiai

237 676 429 718 fundarit
459 682 616 718 terram
649 682 692 718 et
723 677 889 718 caelum
920 677 1128 732 pontique
1159 677 1381 732 profunda,

238 745 337 786 solis
368 745 485 785 lunai
518 759 677 794 cursus
709 759 761 786 ex
793 744 940 786 ordino
972 759 1139 799 ponam.

236 827 336 854 nam
368 818 482 854 certe
512 827 652 868 neque
683 812 858 854 consilio
890 812 1123 868 primordia
1152 827 1294 854 rerum

238 882 384 924 ordine
415 897 459 923 se
489 897 566 923 suo
598 897 791 938 quaeque
823 882 964 937 sagaci
996 888 1141 924 mente
1172 882 1367 923 locarunt
1636 894 1723 936 420

236 965 313 992 nec
344 965 448 1006 quos
479 965 672 1006 quaeque
703 950 855 992 darent
887 956 1029 992 motus
1060 951 1261 1007 pepigere
1292 951 1490 1005 profecto,

236 1018 307 1059 sed
341 1018 442 1074 quia
472 1019 611 1060 multa
641 1019 778 1060 modis
809 1019 958 1060 multis
988 1020 1221 1074 primordia
1250 1034 1393 1061 rerum

236 1102 288 1129 ex
318 1087 487 1128 infinito
518 1087 603 1128 iam
635 1093 826 1142 tempore
857 1087 1021 1142 percit-a
1051 1088 1189 1144 plagis

235 1156 578 1211 ponderibusque
608 1155 696 1196 suis
726 1161 987 1197 consuerunt
1020 1157 1189 1198 concita
1220 1157 1319 1198 ferri

235 1222 574 1277 omnimodisque
605 1222 715 1263 coire
746 1228 876 1278 atque
908 1223 1051 1264 omnia
1081 1228 1385 1278 pertemptare,
1634 1235 1716 1277 425

235 1307 529 1347 quaecumque
561 1291 675 1333 inter
704 1306 748 1333 se
780 1297 953 1347 possent
983 1307 1206 1348 congressa
1237 1308 1391 1342 creare,

233 1366 459 1416 propterea
489 1361 538 1402 fit
570 1361 637 1402 uti
669 1376 876 1417 magnum
907 1362 1079 1417 volgata
1110 1377 1188 1417 per
1218 1376 1367 1404 aevom

234 1445 359 1471 omne
390 1444 525 1486 genus
555 1436 702 1471 coetus
733 1435 778 1471 et
810 1435 951 1472 motus
982 1430 1246 1485 experiundo

236 1499 409 1541 tandem
441 1500 698 1541 conveniant
729 1515 780 1541 ea
811 1515 921 1555 quae
952 1505 1156 1542 convecta
1185 1505 1363 1555 repente

234 1583 488 1624 magnarum
518 1583 661 1610 rerum
692 1568 805 1610 fiunt
836 1568 1010 1609 exordia
1040 1583 1178 1623 saepe,
1635 1580 1721 1621 430

236 1636 367 1678 terrai
397 1636 525 1678 maris
556 1642 601 1678 et
632 1637 739 1678 caeli
769 1636 1023 1693 generisque
1056 1637 1338 1678 animantum.

293 1705 378 1746 Hic
409 1720 546 1760 neque
578 1711 673 1747 tum
705 1706 803 1747 solis
835 1711 929 1747 rota
959 1706 1076 1747 cerni
1107 1706 1269 1746 lumine
1300 1705 1417 1761 largo

235 1773 459 1815 altivolans
489 1779 658 1829 poterat
688 1789 766 1815 nec
797 1774 944 1831 magni
974 1774 1114 1815 sidera
1145 1774 1296 1815 mundi

233 1857 313 1884 nec
344 1857 458 1883 mare
490 1857 566 1884 nec
598 1842 763 1884 caelum
795 1857 874 1884 nec
904 1842 1090 1898 denique
1122 1848 1237 1884 terra
1266 1857 1407 1898 neque
1438 1858 1511 1885 aer

234 1927 313 1953 nec
343 1911 495 1952 similis
525 1910 680 1952 nostris
710 1911 838 1952 rebus
868 1926 935 1952 res
965 1911 1054 1952 ulla
1085 1911 1231 1961 videri,
1634 1923 1715 1965 435

235 1980 310 2022 sed
339 1995 449 2021 nova
478 1985 715 2035 tempestas
745 1979 957 2034 quaedam
990 1980 1206 2035 molesque
1236 1985 1380 2022 coorta

119 2062 206 2102 440
235 2064 360 2091 omne
387 2063 524 2105 genus
553 2049 607 2090 de
637 2049 870 2104 principiis,
901 2049 1110 2090 discordia
1140 2063 1322 2103 quorum

234 2119 460 2160 intervalla
490 2118 580 2160 vias
611 2133 795 2160 conexus
825 2119 1014 2174 pondera
1043 2119 1192 2175 plagas

235 2203 462 2229 concursus
492 2193 638 2229 motus
669 2187 873 2229 turbabat
903 2187 1065 2243 proelia
1095 2187 1288 2238 miscens,

118 2326 262 2362 gratum.
307 2324 440 2362 yraium
465 2321 620 2364 (gratum)
645 2322 723 2354 Ver.
748 2322 832 2354 Ven.
1061 2322 1125 2355 409
1149 2322 1214 2353 410
1235 2322 1337 2356 Lach.
1366 2323 1411 2363 by
1434 2333 1454 2355 a
1478 2325 1614 2364 strange
1638 2324 1718 2356 mis-

120 2375 371 2416 apprehension
387 2375 516 2407 inverts
531 2375 627 2407 these
643 2385 755 2407 verses
771 2375 840 2408 and
856 2376 908 2407 for
923 2377 992 2407 Aut
1002 2381 1144 2416 pereunt
1159 2376 1257 2408 reads
1271 2379 1320 2408 Et
1330 2382 1483 2418 pereunt.
1656 2379 1720 2410 412

118 2432 210 2462 urbis
231 2430 330 2461 Pont.
353 2430 450 2461 Junt.
473 2430 525 2461 for
545 2431 656 2461 undis.
701 2430 791 2463 Flor.
817 2432 857 2462 31
880 2431 999 2462 Gamb.
1022 2431 1099 2462 Ver.
1122 2431 1208 2463 Ven.
1226 2432 1313 2463 Mar.
1335 2434 1398 2464 etc.
1415 2433 1499 2473 keep
1514 2435 1624 2471 undis,
1648 2434 1718 2466 and

120 2485 171 2516 for
189 2486 354 2516 hominum
368 2486 488 2516 multas
504 2484 586 2516 read
599 2486 764 2517 hominum
778 2488 906 2517 multos.
995 2487 1059 2518 428
1086 2486 1184 2519 Omne
1199 2497 1299 2527 yenus
1315 2486 1421 2519 Lach.
1439 2488 1490 2519 for
1508 2489 1717 2528 Omniyenus.

122 2540 317 2579 Omniyenos
340 2538 369 2569 A
392 2548 478 2569 corr.
502 2539 591 2578 vulg.
755 2540 818 2572 429
842 2545 997 2572 convecta
1019 2540 1125 2572 Lach.
1153 2541 1206 2573 for
1228 2546 1398 2574 conventa.
1451 2543 1489 2573 T.
1507 2552 1536 2573 c.
1553 2552 1637 2583 quae
1660 2544 1718 2574 ubi

119 2603 294 2625 convenere
309 2592 430 2623 Lamb.
444 2592 493 2624 ed.
508 2593 546 2632 13
572 2594 610 2624 T.
624 2604 664 2624 ea
676 2604 704 2626 c.
720 2603 804 2634 quae
819 2598 858 2625 ut
874 2604 1049 2626 convenere
1062 2594 1113 2626 ed.
1127 2596 1146 2626 2
1160 2595 1228 2626 and
1241 2597 1271 2632 3,
1286 2595 1440 2627 followed
1449 2596 1493 2636 by
1506 2596 1643 2634 emach,
1655 2600 1718 2629 etc.

119 2648 183 2679 430
197 2649 289 2689 fiunt
304 2647 394 2678 Flor.
412 2648 451 2678 31
469 2647 584 2679 Camb.
607 2648 658 2679 for
666 2649 791 2688 fluunt.
837 2659 943 2690 saepe.
960 2659 1094 2690 semper,
1112 2659 1150 2681 as
1165 2659 1194 2680 11
1211 2650 1294 2682 1062
1311 2650 1417 2682 Lach.
1525 2651 1590 2681 432
1614 2653 1718 2692 laryo.

119 2704 209 2734 claro
226 2701 373 2733 Maerob.
526 2702 590 2733 433
613 2704 802 2734 Altivolans
818 2703 920 2735 Pont.
938 2703 1066 2735 Avane.
1084 2703 1155 2735 and
1171 2704 1321 2736 Macrob.
1340 2707 1404 2736 sat.
1421 2714 1457 2736 vr
1474 2705 1493 2735 2
1510 2705 1551 2735 23
1568 2704 1620 2736 for
1635 2707 1712 2738 Alte

118 2759 243 2789 volam.
291 2757 372 2787 Alta
386 2757 501 2788 volans
517 2756 602 2788 Mar.
620 2757 639 2787 J
643 2759 716 2788 unt.
804 2758 977 2790 437—442
996 2757 1193 2800 (440—445)
1208 2768 1264 2790 are
1277 2758 1359 2790 thus
1376 2759 1541 2799 arranged
1557 2759 1601 2800 by
1611 2760 1717 2791 Lach.

119 2810 205 2843 after
219 2809 401 2841 Reisacker
417 2811 547 2849 quaest.
567 2810 666 2843 Lucr.
679 2821 687 2848 ;
712 2810 782 2842 and
797 2811 855 2843 the
871 2812 1041 2852 necessity
1057 2812 1094 2843 of
1114 2812 1184 2844 this
1206 2812 1335 2853 change
1351 2812 1381 2844 is
1396 2813 1568 2853 manifest,
1588 2813 1720 2855 though

119 2865 269 2897 Macrob.
291 2865 314 2896 1.
336 2864 359 2896 l.
382 2864 553 2905 evidently
573 2865 653 2897 read
673 2865 770 2897 them
789 2866 826 2897 in
848 2866 907 2898 the
926 2866 1024 2897 order
1045 2866 1082 2898 in
1103 2866 1215 2898 which
1237 2867 1319 2907 they
1340 2877 1467 2907 appear
1489 2867 1527 2899 in
1549 2877 1612 2899 our
1634 2879 1715 2903 mss.

120 2920 182 2952 See
198 2919 287 2951 what
302 2919 320 2950 I
336 2928 396 2960 say
412 2929 457 2950 on
473 2919 544 2951 this
556 2920 627 2951 and
643 2919 776 2952 similar
792 2920 910 2961 points
925 2931 959 2961 p.
977 2921 1028 2954 30.
1187 2922 1251 2955 437
1277 2922 1375 2953 Omne
1389 2932 1491 2962 yenus
1504 2923 1542 2954 de
1557 2922 1662 2954 Lach.
1680 2933 1719 2956 as
