1997 3267
233 193 313 234 232
1002 177 1041 218 V

346 295 535 342 tempore
566 300 649 342 quo
679 285 866 340 primum
896 284 1025 326 tellus
1055 281 1258 325 animalia
1288 281 1411 332 fudit,

345 355 405 396 nil
436 361 582 397 tamen
613 360 678 396 est
708 353 820 409 signi
850 353 1007 393 mixtas
1038 351 1228 407 potuisse
1259 351 1393 392 creari

344 422 457 463 inter
486 436 530 463 se
560 420 744 476 pecudes
774 425 1077 474 compactaque
1109 418 1300 459 membra
1329 417 1612 467 animantum,

345 495 570 545 propterea
599 488 700 544 quia
729 503 838 543 quae
868 487 922 529 de
952 487 1076 528 terris
1106 501 1220 528 nunc
1251 501 1420 542 quoque
1451 486 1675 528 abundant
1737 499 1823 539 920

346 559 572 600 herbarum
602 572 761 613 genera
789 572 837 598 ac
868 557 1011 612 fruges
1041 555 1299 610 arbustaque
1329 555 1443 596 laeta

347 640 431 666 non
461 631 606 666 tamen
637 625 750 666 inter
780 639 824 665 se
854 629 1032 679 possunt
1063 623 1282 677 complexa
1311 622 1458 671 creari,-

347 693 420 734 sed
450 708 517 734 res
547 706 740 748 quaeque
771 706 847 733 suo
878 691 964 732 ritu
996 690 1187 746 procedit
1218 695 1262 731 et
1293 704 1438 731 omnes

348 761 513 802 foedere
543 766 722 802 naturae
753 765 867 801 certo
898 759 1144 801 discrimina
1173 763 1355 800 servant.

403 829 465 870 At
494 843 630 885 genus
661 829 898 869 humanum
930 827 1066 868 multo
1097 827 1181 867 fuit
1211 826 1318 867 illud
1350 825 1396 867 in
1427 826 1539 869 arvis
1739 837 1819 880 925

347 897 505 946 durius,
538 904 587 938 ut
617 896 774 946 decuit,
805 897 933 938 tellus
965 896 1077 951 quod
1108 896 1214 937 dura
1245 901 1439 945 creasset,

348 972 392 1007 et
423 966 653 1007 maioribus
684 972 728 1007 et
760 966 903 1007 solidis
933 965 1070 1022 magis
1101 965 1267 1007 ossibus
1297 964 1415 1006 intus

348 1034 587 1083 fundatum,
620 1034 771 1076 validis
801 1040 952 1090 aptum
983 1049 1058 1089 per
1087 1033 1247 1075 viscera
1277 1033 1428 1082 nervis,

349 1118 426 1144 nec
456 1103 577 1144 facile
609 1118 659 1144 ex
691 1109 811 1144 aestu
844 1117 921 1144 nec
952 1102 1105 1158 frigore
1136 1101 1248 1157 quod
1279 1107 1503 1158 caperetur

349 1186 425 1212 nec
455 1171 646 1212 novitate
677 1171 762 1212 cibi
792 1185 871 1212 nec
901 1171 988 1212 labi
1018 1170 1201 1225 corporis
1231 1169 1328 1211 ulla.
1742 1181 1827 1223 930

350 1239 571 1294 multaque
601 1253 677 1294 per
707 1239 872 1280 caelum
903 1238 1001 1280 solis
1032 1237 1248 1279 volventia
1278 1237 1413 1279 lustra

350 1305 573 1361 volgivago
605 1304 740 1345 vitam
772 1303 1017 1345 tractabant
1048 1318 1163 1345 more
1195 1304 1389 1345 ferarum.

349 1389 426 1416 nec
455 1374 656 1415 robustus
686 1379 778 1414 erat
809 1373 928 1414 curvi
958 1373 1198 1414 moderator
1227 1372 1359 1413 aratri

349 1443 586 1499 quisquam,
617 1457 694 1484 nec
724 1442 861 1483 scibat
892 1442 1001 1483 ferro
1033 1440 1220 1481 molirier
1250 1453 1351 1480 arva

348 1526 427 1552 nec
456 1525 566 1551 nova
595 1509 791 1552 defodere
820 1509 866 1550 in
897 1515 1054 1550 terram
1086 1508 1272 1563 virgulta
1302 1522 1440 1562 neque
1471 1507 1570 1549 altis
1742 1517 1822 1560 935

351 1579 569 1620 arboribus
600 1585 763 1620 veteres
793 1578 986 1619 decidere
1018 1577 1185 1618 falcibu'
1216 1591 1362 1618 ramos.

351 1649 463 1704 quod
494 1648 555 1690 sol
584 1654 713 1703 atque
745 1648 901 1689 imbres
932 1647 1149 1695 dederant,
1182 1645 1294 1701 quod
1327 1651 1441 1686 terra
1471 1649 1632 1686 crearat

351 1723 502 1773 sponte
533 1732 619 1767 sua,
650 1717 753 1758 satis
784 1717 828 1757 id
859 1716 1056 1771 placabat
1087 1720 1260 1770 pectora
1289 1714 1460 1756 donum.

351 1786 607 1842 glandiferas
637 1786 751 1826 inter
781 1785 987 1826 curabant
1019 1799 1192 1840 corpora
1221 1797 1401 1839 quercus

352 1856 626 1911 plerumque3
666 1860 710 1895 et
741 1869 849 1909 quae
879 1869 993 1895 nunc
1024 1853 1202 1895 hiberno
1233 1860 1425 1909 tempore
1456 1852 1591 1894 cernis
1740 1864 1826 1905 940

351 1923 491 1964 arbita
520 1922 698 1978 puniceo
730 1922 823 1963 fieri
853 1928 1022 1963 matura
1051 1922 1199 1971 colore,

352 1990 534 2046 plurima
565 1996 658 2031 tum
689 1989 817 2031 tellus
847 1989 978 2030 etiam
1009 1989 1169 2030 maiora
1200 1988 1372 2030 ferebat.

352 2060 573 2114 multaque
604 2064 824 2115 praeterea
855 2059 1021 2100 novitas
1052 2064 1147 2099 tum
1178 2058 1328 2099 florida
1356 2057 1508 2099 mundi

351 2128 509 2184 pabula
539 2128 645 2169 dura
674 2127 789 2176 tulit,
820 2127 984 2168 miseris
1014 2126 1266 2168 mortalibus
1296 2126 1447 2181 ampla.

352 2203 398 2237 at
428 2196 574 2237 sedare
605 2196 722 2236 sitim
753 2195 875 2236 fluvii
906 2196 1128 2250 fontesque
1159 2195 1379 2244 vocabant,
1742 2203 1823 2246 945

353 2269 403 2305 ut
433 2278 546 2304 nunc
577 2263 795 2303 montibus
825 2277 848 2303 e
879 2261 1046 2318 magnis
1077 2261 1276 2303 decursus
1306 2262 1433 2316 aquai

353 2331 480 2372 claru'
511 2330 617 2371 citat
649 2331 734 2372 late
765 2329 957 2371 sitientia
987 2329 1125 2370 saecla
1155 2330 1349 2371 ferarum.

354 2398 536 2454 denique
566 2404 668 2439 nota
698 2398 796 2454 vagi
826 2398 1036 2440 silvestria
1065 2398 1227 2453 templa
1257 2397 1462 2439 tenebant

241 2539 308 2570 Sed
329 2548 380 2568 res
403 2547 548 2577 quaeque
571 2536 634 2568 Ed.
656 2537 707 2567 for
730 2537 795 2567 Sed
817 2537 847 2567 si
870 2545 1028 2576 quaeque.
1077 2536 1143 2567 Sed
1165 2537 1213 2567 sic
1237 2536 1384 2575 quodque
1408 2534 1493 2566 Mar.
1513 2534 1572 2577 (sic
1591 2535 1714 2577 Pont.).
1762 2536 1826 2568 Res

241 2594 286 2623 sic
309 2592 430 2623 Lamb.
477 2592 542 2622 Sed
563 2593 614 2622 vis
636 2590 741 2622 Lach.
938 2591 1000 2622 925
1023 2591 1068 2621 At
1089 2589 1192 2621 Lach.
1222 2590 1274 2621 for
1295 2591 1364 2627 Et3
1395 2590 1464 2622 and
1487 2589 1545 2621 the
1568 2590 1697 2630 change
1719 2600 1826 2623 seems

241 2655 430 2685 necessary.
597 2646 660 2677 934
675 2646 823 2676 molirier
837 2644 931 2675 Brix.
948 2644 1043 2675 Junt.
1062 2644 1113 2675 for
1127 2645 1302 2675 mollerier.
1347 2645 1507 2675 mollirier
1522 2644 1622 2675 Pont.
1641 2645 1728 2676 Mar.
1744 2654 1782 2676 as
1798 2646 1826 2676 A

242 2709 325 2731 corr.
542 2699 605 2731 944
635 2700 719 2729 dara
742 2698 819 2729 Vat.
844 2699 928 2731 3276
950 2698 1096 2738 Nauger.
1120 2698 1172 2729 for
1195 2700 1287 2729 dira:
1320 2708 1340 2729 a
1363 2698 1490 2729 certain
1513 2698 1709 2730 correction.
1769 2700 1826 2731 dia

241 2753 368 2784 Avanc.
519 2752 581 2784 947
607 2752 721 2782 Glaru’
739 2752 822 2782 citat
847 2752 912 2782 late
935 2751 1095 2791 Forbiger
1119 2751 1170 2782 for
1196 2753 1391 2783 Claricilati
1415 2762 1436 2782 a
1459 2757 1500 2783 te.
1549 2753 1681 2784 Clarior
1703 2754 1830 2784 accitat

241 2806 331 2837 Flor.
349 2806 388 2836 31
411 2807 430 2836 2
446 2806 522 2837 Vat.
540 2806 623 2838 Mar.
642 2805 717 2836 Ald.
736 2806 753 2835 1
775 2805 871 2837 Junt.
894 2805 1011 2837 Lamb.
1032 2805 1081 2837 ed.
1104 2806 1121 2836 1
1144 2805 1212 2837 and
1234 2807 1262 2837 2.
1315 2806 1495 2837 claricitat
1517 2807 1583 2837 late
1599 2806 1718 2838 Lamb.
1734 2806 1785 2838 ed.
1808 2807 1826 2837 3

243 2861 328 2891 after
352 2860 434 2891 Sim.
458 2860 592 2893 Bosius.
658 2861 789 2890 Clarior
815 2861 940 2891 invitat
964 2859 1112 2890 Politian
1135 2859 1172 2890 in
1194 2869 1300 2899 marg.
1324 2859 1413 2890 Flor.
1439 2860 1490 2891 29.
1552 2861 1736 2900 Clariyitat
1763 2862 1828 2891 late

243 2914 344 2946 Lach.
365 2914 438 2946 who
454 2924 569 2946 sneers
585 2916 621 2946 at
636 2913 813 2954 Forbiger:
838 2912 899 2945 but
915 2922 970 2945 see
985 2915 1083 2946 notes
1100 2915 1130 2945 2.
1271 2914 1333 2945 948
1349 2918 1427 2945 nota
1443 2915 1522 2953 vam·
1537 2915 1705 2946 silvestria
1720 2914 1825 2948 Lach.
