1997 3267
226 211 309 251 234
1018 192 1058 234 V

224 318 311 359 974
340 304 414 346 sed
445 303 569 345 taciti
599 301 900 358 respectabant
930 315 1162 356 somnoque
1193 299 1364 355 sepulti,
1739 311 1818 353 975

224 375 310 428 976
339 373 443 415 dum
473 386 593 413 rosea
622 371 711 412 face
743 370 804 412 sol
834 369 1011 410 inferret
1041 368 1205 410 lumina
1234 367 1360 410 caelo.

339 456 365 482 a
394 439 534 496 parvis
566 438 679 494 quod
710 437 824 479 enim
856 442 1110 479 consuerant
1141 451 1311 478 cernere
1342 452 1510 493 semper

340 510 505 551 alterno
536 508 736 550 tenebras
767 513 811 548 et
842 507 980 548 lucem
1013 512 1205 562 tempore
1234 506 1366 563 gigni,

340 594 426 620 non
457 583 548 619 erat
578 582 629 618 ut
659 575 751 618 fieri
781 584 925 631 posset
956 575 1148 617 mirarier
1178 590 1385 631 umquam

340 663 419 690 nec
449 647 638 689 diffidere
669 661 723 687 ne
754 652 889 687 terras
920 651 1095 686 aeterna
1125 650 1294 687 teneret
1742 647 1828 699 980

342 732 424 758 nox
455 717 498 758 in
530 722 789 771 perpetuum
821 714 1013 756 detracto
1043 714 1205 755 lumine
1236 713 1343 756 solis.

342 785 417 827 sed
447 784 585 840 magis
616 783 723 824 illud
754 788 846 824 erat
877 797 1015 831 curae,
1045 782 1159 838 quod
1188 782 1326 824 saecla
1356 783 1541 824 ferarum

341 855 542 897 infestam
573 852 738 894 miseris
770 851 983 894 faciebant
1014 866 1139 907 saepe
1171 851 1374 907 quietem.

343 924 554 979 eiectique
585 922 710 964 domo
741 921 966 978 fugiebant
996 935 1124 962 saxea
1153 926 1269 962 tecta

342 990 576 1047 spumigeri
606 990 694 1031 suis
725 988 913 1030 adventu
946 988 1161 1043 validique
1193 987 1327 1030 leonis
1745 991 1825 1042 985

344 1068 474 1118 atque
504 1062 765 1115 intempesta
796 1059 1004 1100 cedebant
1035 1063 1158 1100 nocte
1189 1064 1396 1113 paventes

345 1130 587 1186 hospitibus
617 1129 754 1170 saevis
784 1128 967 1169 instrata
998 1127 1156 1168 cubilia
1187 1127 1342 1168 fronde.

401 1200 493 1241 Nec
523 1199 656 1240 nimio
689 1206 783 1239 tum
813 1197 910 1253 plus
941 1212 1070 1252 quam
1100 1211 1214 1238 nunc
1246 1197 1609 1240 mortalia-saecla

345 1269 486 1310 dulcia
517 1268 771 1324 linquebant
802 1267 986 1309 labentis
1017 1266 1182 1308 lumina
1212 1266 1336 1308 vitae.

345 1353 457 1379 unus
488 1337 602 1378 enim
634 1343 728 1378 tum
761 1336 941 1391 quisque
972 1335 1108 1391 magis
1137 1335 1369 1390 deprensus
1400 1350 1546 1376 eorum
1746 1347 1832 1389 990

345 1407 504 1463 pabula
535 1406 633 1447 viva
663 1405 761 1446 feris
791 1404 1036 1460 praebebat,
1067 1404 1269 1445 dentibus
1300 1403 1492 1452 haustus,

347 1482 392 1518 et
422 1490 595 1517 nemora
625 1489 673 1516 ac
704 1474 862 1516 montis
891 1473 1057 1530 gemitu
1091 1473 1302 1528 silvasque
1333 1472 1526 1528 replebat

346 1546 443 1587 viva
474 1545 624 1587 videns
653 1544 750 1585 vivo
781 1543 951 1599 sepeliri
981 1542 1142 1584 viscera
1171 1542 1308 1583 busto.

347 1621 393 1656 at
425 1629 530 1670 quos
561 1613 769 1669 effugium
801 1617 990 1654 servarat
1019 1626 1190 1666 corpore
1220 1610 1358 1660 adeso,

347 1682 559 1740 posterius
591 1682 794 1723 tremulas
828 1695 956 1736 super
986 1680 1129 1721 ulcera
1159 1685 1299 1722 taetra
1329 1686 1528 1722 tenentes
1747 1690 1828 1733 995

349 1752 510 1807 palmas
542 1749 756 1792 horriferis
787 1749 983 1791 accibant
1015 1748 1188 1790 vocibus
1221 1748 1392 1800 Orcum,

349 1821 536 1875 donique
567 1834 638 1861 eos
670 1819 759 1860 vita
789 1818 1008 1874 privarant
1039 1817 1231 1858 vermina
1261 1832 1388 1859 saeva

350 1888 536 1945 expertis
567 1888 671 1944 opis,
701 1887 871 1943 ignaros
903 1885 1005 1941 quid
1038 1886 1208 1928 volnera
1238 1886 1409 1928 vellent,

349 1965 395 2001 at
425 1965 510 2000 n'on
541 1958 679 1999 multa
710 1957 847 1997 virum
880 1956 960 1997 sub
991 1955 1125 2012 signis
1154 1955 1274 1997 milia
1303 1956 1434 1997 ducta

350 2043 437 2070 una
466 2028 556 2069 dies
587 2027 719 2068 dabat
750 2026 882 2068 exitio
912 2040 990 2067 nec
1019 2025 1193 2066 turbida
1223 2025 1346 2081 ponti
1727 2037 1834 2068 1000

350 2112 534 2153 aequora
564 2096 771 2152 fligebant
801 2094 922 2136 navis
952 2095 1005 2136 ad
1037 2109 1139 2136 saxa
1168 2094 1373 2150 virosque.

352 2167 421 2209 hic
452 2173 613 2208 temere
644 2166 858 2207 incassum
889 2165 1047 2206 frustra
1076 2178 1192 2205 mare
1223 2178 1350 2220 saepe
1381 2169 1571 2206 coortum

352 2236 544 2278 saevibat
575 2235 810 2290 leviterque
842 2234 979 2275 minas
1008 2234 1195 2289 ponebat
1225 2233 1375 2284 inanis,

238 2416 351 2449 famed
368 2417 494 2457 exploit
510 2417 545 2448 of
560 2416 679 2448 Prince
694 2415 904 2455 Vortigern’s
920 2414 1105 2455 grandsire.
1266 2415 1329 2447 976
1345 2424 1437 2445 rosea
1455 2413 1546 2445 Flor.
1564 2413 1604 2445 31
1622 2412 1714 2445 Brix.
1733 2412 1830 2445 Pont.

239 2472 324 2503 Mar.
342 2472 394 2502 for
412 2476 512 2502 rotea.
660 2472 722 2503 984
738 2472 917 2511 Eiectique
933 2470 1022 2502 Flor.
1041 2470 1081 2501 31
1099 2469 1216 2502 Camb.
1236 2472 1300 2501 etc.
1317 2469 1368 2500 for
1384 2470 1557 2509 EZectique
1573 2469 1612 2507 B,
1631 2470 1680 2500 Et
1695 2469 1835 2509 lectique

238 2526 267 2556 A
290 2525 382 2556 Nice.
515 2526 577 2557 985
600 2526 785 2566 validique.
833 2526 979 2556 validive
1002 2524 1124 2561 Lach.;
1150 2525 1210 2556 but
1234 2534 1343 2564 comp.
1370 2525 1433 2557 987
1450 2524 1649 2564 Hospitibus
1671 2524 1778 2554 saevis
1799 2522 1835 2553 in

240 2580 325 2619 plur.
461 2579 524 2611 989
542 2579 681 2610 labentis
699 2579 853 2610 Muretus
867 2578 986 2610 Lamb.
1007 2577 1110 2610 Lach.
1132 2578 1183 2609 for
1206 2579 1367 2609 lamentis.
1514 2578 1577 2610 993
1592 2578 1668 2608 vivo
1683 2576 1772 2609 Flor.
1794 2576 1835 2608 31

241 2633 356 2665 Camb.
378 2633 470 2665 Mon.
492 2636 555 2664 etc.
573 2634 624 2664 for
640 2635 728 2665 vino.
848 2633 909 2666 995
926 2634 1038 2664 ulcera
1054 2632 1144 2663 Flor.
1161 2633 1202 2663 31
1219 2631 1336 2663 Camb.
1355 2631 1439 2664 Mar.
1460 2631 1511 2662 for
1525 2633 1663 2663 vicerat.
1707 2633 1835 2663 viscera

239 2688 268 2718 A
284 2697 370 2719 corr.
386 2687 479 2718 Nice.
497 2686 572 2718 Ver.
590 2687 673 2717 Ven.
794 2688 856 2720 997
872 2687 1026 2727 Donique
1041 2686 1086 2717 Is.
1105 2686 1200 2717 Voss.
1217 2685 1255 2716 in
1270 2695 1334 2717 ms.
1351 2688 1458 2725 notes,
1477 2685 1583 2718 Lach.
1603 2685 1654 2716 for
1670 2686 1831 2725 Denique.

239 2742 424 2781 Doniquom
450 2740 568 2770 Heins.
593 2740 629 2770 in
652 2750 716 2771 ms.
741 2744 850 2772 notes.
909 2741 1020 2771 Donec
1044 2740 1131 2771 Mar.
1155 2740 1250 2772 Junt.
1300 2740 1464 2771 Demicum
1484 2739 1606 2770 Lamb.
1752 2739 1835 2771 1001

232 2796 401 2836 fliqebant
417 2795 523 2825 Lach.
538 2795 589 2825 for
607 2795 763 2826 lidebant.
807 2795 960 2825 ledebant
975 2794 1004 2825 A
1015 2803 1100 2825 corr.
1119 2793 1236 2825 Camb.
1256 2793 1349 2824 Mon.
1363 2793 1439 2825 Ver.
1453 2793 1538 2825 Ven.
1553 2793 1729 2825 laedebant
1743 2793 1833 2833 vulg.

242 2849 388 2879 lidebant
411 2858 492 2888 may
514 2847 554 2879 be
577 2848 666 2878 from
689 2848 804 2878 Lucr.:
838 2857 891 2879 see
914 2850 1012 2879 notes
1036 2848 1066 2878 2.
1243 2847 1327 2878 1002
1349 2848 1418 2878 Hic
1440 2846 1544 2879 Lach.
1572 2846 1623 2877 for
1645 2847 1724 2878 Nec.
1771 2847 1836 2878 Sed

241 2902 358 2934 Lamb.
409 2902 481 2934 The
495 2905 566 2933 rest
582 2902 618 2933 of
633 2902 701 2933 this
717 2912 811 2934 verse
827 2902 856 2933 is
873 2902 965 2942 quite
981 2901 1184 2942 causelessly
1199 2900 1325 2933 altered
1341 2900 1384 2941 by
1400 2901 1486 2932 Mar.
1502 2900 1523 2931 J
1525 2903 1599 2932 unt.
1615 2900 1736 2935 Lamb.

286 2957 368 2988 1003
387 2957 531 2996 ponebat
548 2957 631 2988 Mar.
652 2955 729 2988 Ald.
748 2957 766 2987 1
783 2956 878 2988 Junt.
899 2957 952 2987 for
961 2957 1109 2996 potebas.
1149 2956 1306 2997 poscebat
1321 2955 1412 2986 Flor.
1430 2955 1470 2986 31
1488 2954 1606 2986 Camb.
1753 2954 1836 2987 1006
