1997 3267
861 202 923 242 VI
1623 215 1702 259 275

218 307 405 349 maxima
434 322 544 363 quae
577 307 687 350 vidit
718 309 910 364 quisque,
943 308 1046 350 haec
1078 309 1275 365 ingentia
1305 310 1442 366 fingit,

215 391 312 417 cum
345 382 490 418 tamen
521 376 665 417 omnia
695 390 792 418 cum
823 377 939 418 caelo
972 383 1169 433 terraque
1202 379 1393 435 marique

217 445 274 486 nil
305 445 393 487 sint
422 445 475 487 ad
508 460 719 487 summam
751 446 935 487 summai
969 446 1102 488 totius
1133 462 1312 490 omnem.

273 514 401 557 Nunc
433 520 577 557 tamen
610 514 684 556 illa
714 515 851 557 modis
881 515 1038 571 quibus
1069 515 1247 558 inritata
1278 523 1453 573 repente
1619 521 1705 562 680

215 583 387 625 flamma
418 583 526 625 foras
559 583 688 625 vastis
720 583 888 624 Aetnae
920 584 1161 626 fornacibus
1191 585 1318 636 efflet,

213 652 448 708 expediam.
510 651 698 707 primum
732 651 867 693 totius
899 652 1086 694 subcava
1117 653 1276 695 montis

213 727 278 764 est
309 726 475 771 natura,
506 721 591 762 fere
622 720 790 762 silicum
823 721 1002 762 suffulta
1032 722 1234 765 cavernis.

211 790 410 833 omnibus
440 795 506 831 est
537 804 659 846 porro
691 789 735 830 in
766 789 982 845 speluncis
1013 796 1168 832 ventus
1198 798 1243 833 et
1273 805 1371 845 acr;

212 867 368 902 ventus
398 860 513 902 enim
545 860 606 909 fit,
639 859 711 901 ubi
743 866 809 901 est
840 860 1044 916 agitando
1075 862 1264 917 percitus
1295 878 1376 906 aer.
1617 866 1697 918 685

212 928 282 971 hic
312 929 386 971 ubi
416 928 627 985 percaluit
657 928 936 984 calefecitque
968 929 1112 971 omnia
1142 931 1300 972 circum

211 1014 313 1042 saxa
343 999 499 1048 furens,
529 1013 614 1055 qua
644 998 868 1055 contingit,
901 1005 1156 1056 terramque,
1188 1007 1231 1042 ct
1262 1001 1316 1043 ab
1347 1001 1441 1044 ollis

212 1067 398 1110 excussit
429 1066 615 1109 calidum
648 1067 832 1108 flammis
864 1067 1079 1109 velocibus
1110 1068 1267 1125 ignem,

212 1136 326 1179 tollit
356 1151 400 1178 se
431 1151 480 1178 ac
511 1136 639 1177 rectis
670 1136 732 1178 ita
763 1136 958 1178 faucibus
990 1137 1091 1179 eicit
1121 1138 1219 1180 alte.

212 1205 294 1248 fert
325 1205 472 1261 itaque
504 1205 698 1247 ardorem
731 1205 854 1262 longe
888 1206 1097 1261 longeque
1129 1207 1319 1248 favillam
1615 1210 1700 1261 690

212 1275 357 1317 differt
388 1281 434 1317 et
465 1289 604 1317 crassa
635 1274 770 1316 volvit
801 1275 984 1332 caligine
1016 1276 1180 1317 fumum

214 1344 494 1400 extruditque
525 1344 652 1386 simul
687 1344 879 1386 mirando
911 1345 1096 1401 pondere
1127 1361 1252 1398 saxa3

212 1428 264 1456 ne
295 1413 469 1456 dubites
499 1413 603 1469 quin
636 1414 739 1455 haec
770 1414 929 1456 animai
962 1414 1135 1456 turbida
1166 1416 1223 1457 sit
1255 1415 1327 1459 vis.

211 1490 433 1540 praeterea
463 1498 620 1540 magna
650 1498 701 1525 ex
734 1483 845 1539 parti
878 1498 993 1525 mare
1025 1484 1184 1526 montis
1215 1484 1268 1527 ad
1301 1485 1391 1527 cius

211 1552 373 1595 radices
404 1553 564 1609 frangit
594 1552 752 1594 fluctus
782 1559 1035 1608 aestumque
1067 1553 1265 1596 resorbet.
1615 1555 1695 1607 695

213 1637 264 1664 ex
296 1622 374 1664 hoc
405 1636 541 1678 usque
574 1621 681 1663 mari
712 1621 940 1678 speluncae
972 1623 1131 1664 montis
1162 1623 1214 1664 ad
1245 1623 1355 1665 altas

211 1690 469 1747 perveniunt
499 1689 649 1732 subter
680 1690 832 1731 fauces.
884 1690 963 1731 hac
994 1690 1055 1732 ire
1088 1691 1354 1734 fatendumst

211 1837 257 1874 et
287 1837 512 1888 penetrare
542 1831 651 1872 mari
681 1830 856 1886 penitus
886 1845 954 1872 res
984 1831 1098 1886 cogit
1129 1837 1277 1886 aperto

212 1907 343 1958 atque
375 1901 518 1943 efflare
550 1901 658 1943 foras
689 1901 870 1957 ideoque
902 1900 1104 1942 extollere
1137 1900 1352 1942 flammam

213 1985 398 2027 saxaque
429 1970 669 2012 subiectare
701 1976 745 2012 et
775 1985 929 2012 arenae
960 1970 1109 2011 tollere
1139 1969 1317 2011 nimbos.
1615 1979 1701 2023 700

212 2041 255 2082 in
288 2054 456 2082 summo
488 2046 591 2081 sunt
621 2039 781 2081 vertice
814 2038 928 2080 enim
960 2045 1156 2089 crateres,
1187 2044 1237 2079 ut
1266 2037 1349 2094 ipsi

211 2109 498 2160 nominitant3
538 2123 614 2150 nos
645 2108 759 2164 quod
791 2108 933 2150 fauces
963 2107 1241 2163 perhibemus
1271 2114 1316 2149 et
1346 2121 1428 2149 ora.

269 2179 383 2222 Sunt
413 2178 578 2234 aliquot
608 2192 778 2234 quoque
809 2192 876 2219 res
907 2192 1088 2232 quarum
1121 2191 1251 2218 unam
1282 2176 1422 2218 dicere
1454 2191 1625 2220 causam

212 2263 296 2290 non
327 2247 431 2289 satis
462 2253 540 2296 est,
571 2261 720 2288 verum
751 2245 896 2302 pluris
927 2245 1042 2286 unde
1074 2259 1160 2287 una
1190 2251 1337 2287 tamen
1367 2245 1448 2297 sit;

98 2439 138 2469 31
156 2436 274 2470 Camb.
291 2446 356 2469 one
371 2436 449 2468 Vat.
466 2434 586 2468 Lamb.
791 2433 853 2466 683
862 2435 937 2475 fere
952 2434 1086 2465 silicum
1100 2432 1129 2464 A
1145 2442 1230 2465 corr.
1246 2432 1337 2464 Flor.
1355 2433 1395 2464 31
1412 2432 1529 2464 Camb.
1546 2432 1599 2464 for
1609 2434 1699 2474 feres

98 2494 152 2524 illi
168 2502 251 2525 cum.
395 2490 458 2524 687
473 2492 638 2531 continyit
652 2490 744 2522 Flor.
762 2491 802 2522 31
819 2489 912 2522 Brix.
934 2489 1020 2521 Mar.
1038 2489 1092 2521 for
1107 2490 1260 2528 contiyit.
1407 2487 1471 2520 690
1486 2489 1566 2519 Fert
1582 2489 1698 2529 itaque

96 2546 216 2579 Heins.
233 2545 270 2578 in
286 2555 352 2580 ms.
372 2548 470 2578 notes
485 2545 555 2578 and
570 2545 675 2578 Lach.
693 2545 745 2577 for
761 2546 841 2577 Fert
858 2546 957 2585 itque.
1016 2545 1175 2583 Fecitque
1191 2542 1284 2574 Nice.
1345 2543 1515 2583 Vertitque
1531 2541 1577 2573 Is.
1596 2542 1694 2575 Voss.

97 2601 135 2633 in
155 2611 220 2632 ms.
242 2602 351 2633 notes.
533 2599 596 2633 695
618 2601 761 2632 resorbet
782 2599 873 2631 Flor.
897 2600 937 2631 31
960 2598 1078 2631 Camb.
1099 2600 1119 2630 3
1141 2598 1218 2629 Vat.
1237 2597 1322 2630 Mar.
1342 2597 1394 2628 for
1409 2598 1565 2629 resolvet:
1589 2607 1609 2628 a
1631 2597 1698 2629 fine

97 2654 296 2688 correction.
487 2653 550 2688 697
568 2663 623 2686 see
639 2653 756 2685 Camb.
774 2653 894 2685 Journ.
912 2653 948 2685 of
961 2652 1048 2693 phil.
1065 2661 1079 2683 1
1094 2661 1128 2693 p.
1144 2652 1196 2691 40,
1216 2651 1326 2683 where
1341 2651 1358 2682 I
1375 2650 1450 2682 said
1467 2650 1544 2682 that
1560 2652 1596 2682 at
1611 2650 1699 2682 least

97 2720 161 2743 one
177 2719 273 2742 verse
288 2709 318 2741 is
333 2708 415 2741 here
436 2707 526 2741 lost:
551 2708 588 2740 in
603 2708 662 2740 the
678 2708 816 2740 smaller
830 2707 882 2740 ed.
899 2708 917 2739 Ι
937 2706 1104 2747 proposed
1124 2716 1145 2738 a
1161 2715 1254 2738 verse
1270 2704 1355 2737 such
1373 2715 1411 2737 as
1427 2704 1508 2742 this,
1525 2706 1699 2737 Fluctibus

96 2767 282 2798 admiaetam
307 2766 375 2796 vim
400 2765 492 2796 venti
499 2775 511 2800 ‚·
544 2765 737 2803 intrareque
764 2764 805 2794 ab
831 2764 913 2794 isto:
944 2761 1056 2793 which
1079 2760 1148 2792 will
1179 2770 1273 2792 serve
1302 2762 1339 2792 to
1363 2759 1454 2791 shew
1478 2759 1535 2791 the
1557 2761 1697 2800 general

96 2819 270 2859 meaning.
314 2817 419 2850 Lach.
438 2817 606 2858 violently
628 2816 725 2849 reads
744 2819 880 2858 penitus
899 2820 1056 2856 percocta
1078 2817 1116 2847 in
1139 2819 1289 2855 apertum
1311 2814 1364 2845 for
1381 2815 1515 2854 penitus
1537 2823 1587 2845 res
1611 2815 1698 2854 coyit

96 2879 221 2915 aperto.
347 2873 410 2905 701
425 2874 546 2904 vertice
562 2874 650 2904 enim
665 2871 812 2903 Turneb.
830 2870 961 2902 advers.
978 2879 1052 2901 xxn
1069 2870 1120 2908 19,
1139 2869 1184 2901 Is.
1205 2868 1303 2900 Voss
1320 2867 1358 2899 in
1373 2877 1437 2900 ms,
1457 2870 1564 2908 notes,
1583 2868 1696 2900 Bentl.

96 2930 148 2961 for
169 2929 340 2960 verticeni.
391 2926 539 2958 Turneb.
557 2927 630 2958 also
652 2935 814 2967 proposes
838 2925 906 2956 and.
929 2934 1038 2956 seems
1061 2925 1096 2956 to
1119 2924 1229 2965 prefer
1250 2925 1413 2963 vertiyem'
1436 2922 1550 2954 which
1573 2923 1690 2957 Lamb.

95 2983 148 3016 ed.
165 2983 185 3014 3
198 2981 322 3023 adopts
338 2982 426 3013 from
441 2981 525 3013 him.
570 2982 692 3013 vertice
710 2981 790 3013 item
806 2980 891 3012 Mar.
909 2978 986 3011 Ald.
1005 2979 1022 3010 1
1039 2978 1136 3012 Junt.
1272 2978 1334 3011 702
1351 2978 1449 3018 quod.
1495 2988 1577 3018 quas
1595 2978 1694 3012 Pont.

1443 3045 1463 3084 1
1471 3046 1583 3084 8—2
