1997 3267
870 124 944 167 III
1648 137 1663 166 1
1674 136 1729 178 29

234 236 372 278 mixta
402 249 569 291 vapore,
601 248 732 290 vapor
761 247 886 289 porro
916 232 1053 274 trahit
1083 247 1182 274 aera
1212 247 1367 274 secum.

233 320 312 347 nec
343 305 456 347 calor
487 311 552 347 est
583 304 822 360 quisquam,
853 302 923 344 cui
954 316 1039 343 non
1069 301 1126 343 sit
1157 302 1320 343 mixtus
1351 310 1394 342 ct
1425 315 1519 352 aer3

233 389 329 416 rara
359 374 474 430 quod
504 375 596 416 eius
627 373 743 415 enim
775 377 943 414 constat
975 377 1143 421 natura,
1173 377 1388 413 necessest
1643 380 1721 423 235

233 442 343 484 aeris
374 443 488 484 inter
518 457 618 484 eum
649 440 883 498 primordia
913 440 1053 481 multa
1085 441 1255 482 moveri.

232 511 318 553 iam
350 511 507 567 triplex
538 510 672 552 animi
703 515 770 552 est
801 509 936 566 igitur
967 516 1122 550 natura
1153 516 1347 564 reperta;

232 595 311 622 nec
340 586 488 623 tamen
519 580 624 622 haec
655 586 722 621 sat
753 584 856 621 sunt
886 578 941 620 ad
972 593 1145 620 sensum
1178 585 1333 620 cuncta
1366 578 1608 626 creandum,

232 648 293 690 m'l
325 649 478 690 horum
510 648 713 705 quoniam
743 647 907 703 recepit
938 661 1005 688 res
1037 661 1160 703 posse
1191 662 1333 689 creare

231 718 457 760 sensiferos
488 723 631 760 motus
662 724 700 760 et
730 717 848 758 homo
879 731 990 771 quae
1021 722 1168 758 mente
1202 716 1382 758 volutat.
1643 726 1727 767 240

231 792 385 843 quarta
415 801 586 843 quoque
617 786 684 827 his
715 786 849 843 igitur
879 785 1090 841 quaedam
1122 791 1278 827 natura
1308 790 1521 827 necessest

230 857 530 907 adtribuatur3
570 863 663 898 east
694 856 867 897 omnino
898 856 1084 897 nominis
1115 870 1290 911 expers;

231 940 316 982 qua
346 940 485 982 neque
517 925 718 967 mobilius
749 925 978 981 quicquam
1010 939 1149 980 neque
1181 925 1352 967 tenvius
1383 929 1536 973 exstat,

229 1009 307 1036 nec
338 994 475 1051 magis
506 1009 529 1036 e
560 994 703 1050 parvis
734 999 778 1036 et
809 994 975 1035 levibus
1006 1003 1072 1035 est
1103 994 1329 1035 elementis
1346 1009 1356 1046 ;

230 1064 454 1106 sensiferos
486 1070 628 1106 motus
660 1078 769 1119 quae
800 1063 913 1105 didit
944 1063 1084 1119 prima
1113 1078 1190 1119 per
1220 1070 1349 1106 artus.
1641 1072 1721 1115 245

230 1132 370 1188 prima
400 1132 539 1174 cietur
569 1132 698 1181 enim,
731 1133 873 1188 parvis
904 1132 1094 1188 perfecta
1126 1133 1300 1189 figuris3

230 1201 331 1244 inde
363 1202 476 1244 calor
507 1207 651 1243 motus
683 1207 728 1243 et
759 1201 878 1243 venti
909 1216 1034 1243 caeca
1065 1207 1256 1257 potestas

229 1271 398 1327 accipit,
430 1270 530 1312 inde
562 1285 661 1321 aer;
701 1270 801 1313 inde
833 1271 977 1312 omnia
1007 1271 1321 1323 mobilitantur‚

229 1340 474 1382 concutitur
504 1340 693 1396 sanguiS,
726 1347 821 1382 tum
854 1340 1014 1382 viscera
1045 1341 1363 1396 persentiscunt

229 1409 384 1460 omnia,
415 1410 642 1466 postremis
673 1409 803 1452 datur
833 1410 1000 1452 ossibus
1029 1416 1161 1465 atque
1192 1409 1392 1452 medullis
1642 1418 1726 1461 250

229 1477 318 1520 sive
349 1477 548 1534 voluptas
580 1484 650 1520 est*
677 1479 766 1520 sive
797 1484 863 1520 est
896 1478 1134 1520 contrarius
1165 1479 1299 1520 ardor.

230 1561 307 1588 nec
338 1553 501 1589 temere
533 1547 618 1589 huc
649 1547 767 1589 dolor
798 1562 933 1603 usque
966 1553 1110 1603 potest
1141 1554 1368 1603 penetrare
1400 1561 1540 1602 neque
1571 1561 1665 1588 acre

229 1630 480 1671 permanare
512 1617 686 1666 malum,
717 1617 823 1673 quin
854 1617 998 1659 omnia
1029 1617 1338 1672 perturbentur

114 1739 261 1772 without
283 1750 417 1772 reason.
551 1741 614 1772 232
639 1742 762 1773 Tenuis
786 1742 815 1772 A
838 1750 925 1773 corr.
950 1742 1002 1772 for
1027 1741 1145 1772 Tenus.
1279 1740 1342 1772 234
1366 1742 1421 1772 eui
1447 1750 1510 1772 non
1533 1741 1579 1771 sit
1600 1741 1725 1771 mixtus

115 1799 147 1827 et
161 1805 230 1827 aer.
276 1797 330 1827 cui
349 1797 470 1828 mixtus
485 1805 551 1828 non
566 1798 629 1828 siet
645 1806 703 1827 aer
718 1795 822 1828 Lach.
840 1795 917 1827 who
934 1795 1002 1827 will
1018 1798 1081 1827 not
1098 1796 1240 1828 tolerate
1255 1801 1287 1828 et
1303 1796 1356 1827 for
1371 1798 1483 1827 etiam.

158 1849 222 1882 236
243 1851 350 1882 multa
372 1852 496 1882 moveri
520 1851 549 1881 A
572 1859 657 1882 corr.
682 1850 774 1882 Nice.
803 1849 874 1882 and
897 1849 944 1882 all
967 1849 1082 1882 before
1105 1849 1222 1882 Lamb.
1250 1849 1301 1880 for
1328 1850 1580 1890 multamqueri:
1612 1857 1724 1889 comp.

116 1904 188 1937 198.
237 1905 343 1936 multa
358 1905 441 1936 cieri
456 1904 577 1935 Lamb.
595 1904 747 1945 wrongly
763 1904 852 1935 after
868 1903 1057 1936 Turnebus.
1236 1904 1299 1936 239
1317 1903 1380 1935 240
1425 1913 1446 1935 a
1461 1907 1551 1936 most
1567 1903 1725 1936 doubtful

113 1967 276 1999 passage:
302 1959 365 1991 239
379 1968 431 1990 res
447 1958 513 1991 Ed.
533 1958 620 1991 after
635 1959 737 1990 Bern.
755 1958 807 1990 for
822 1969 920 1996 mens,
938 1959 1002 1990 240
1018 1958 1046 1990 it
1063 1967 1173 1990 seems
1189 1961 1224 1990 to
1240 1967 1294 1989 me
1310 1958 1443 1990 certain
1465 1957 1542 1990 that
1565 1960 1726 1999 quaedam

114 2013 178 2045 has
205 2023 300 2045 come
325 2014 404 2045 here
431 2013 520 2045 from
547 2013 606 2046 the
633 2014 797 2054 quaedam
820 2013 857 2045 of
885 2014 960 2052 241,
983 2013 1053 2045 and
1076 2023 1114 2045 as
1138 2013 1229 2045 what
1253 2013 1312 2045 the
1334 2016 1413 2053 poet
1436 2015 1542 2045 wrote
1565 2016 1660 2045 must
1683 2013 1724 2045 be

114 2068 305 2107 uncertain,
326 2068 344 2100 I
366 2068 453 2100 have
476 2068 613 2100 written
637 2073 668 2100 et
692 2069 784 2100 hom0
807 2078 892 2109 quae
915 2068 968 2100 for
991 2069 1156 2109 quaedam
1179 2078 1251 2109 que.
1298 2067 1404 2100 Lach.
1429 2069 1492 2101 239
1513 2067 1611 2100 reads
1632 2078 1725 2108 quem

114 2122 169 2155 sor
195 2133 294 2160 meus,
323 2123 387 2154 240
413 2123 578 2164 quaedam
606 2124 659 2154 vis
688 2124 813 2160 menti’‚
845 2123 916 2163 J'ust
947 2122 1123 2163 retaining
1153 2122 1212 2154 the
1234 2122 1326 2154 word
1357 2122 1401 2154 he
1431 2122 1538 2163 ought
1568 2126 1631 2155 not
1657 2122 1726 2155 and

115 2177 255 2218 making
270 2186 291 2209 a
306 2179 396 2209 most
413 2177 581 2209 awkward
601 2177 850 2209 construction.
895 2177 997 2210 Bern.
1022 2178 1195 2218 strangely
1216 2177 1314 2209 reads
1334 2177 1372 2209 in
1394 2178 1458 2209 240
1478 2178 1617 2218 quidam
1637 2179 1726 2219 quod

113 2232 366 2263 manticulatur.
411 2231 457 2263 Is.
486 2230 582 2264 Voss.
614 2231 651 2262 in
678 2241 740 2264 ms.
775 2234 875 2263 notes
907 2231 1107 2272 ‘legendum
1137 2231 1272 2264 videtur
1303 2233 1362 2273 qui
1393 2233 1476 2264 dant
1506 2242 1590 2273 quae
1620 2238 1725 2265 meme

113 2286 266 2318 volutes‘.
417 2285 479 2317 239
496 2285 513 2316 Ι
528 2284 641 2317 retain
657 2287 782 2326 recepit
797 2285 880 2317 with
896 2285 974 2317 AB:
999 2295 1109 2326 comp.
1130 2296 1164 2316 n.
1181 2287 1218 2318 to
1234 2295 1262 2317 11
1280 2286 1363 2318 1025
1380 2287 1562 2318 Accedere:
1586 2286 1725 2326 Virgil's

114 2338 184 2371 and
199 2339 297 2371 other
313 2338 370 2371 old
384 2349 465 2372 mss.
486 2339 597 2371 retain
614 2349 719 2380 many
734 2342 847 2372 traces
863 2340 900 2371 of
921 2339 991 2372 this
1008 2350 1034 2376 e,
1052 2339 1292 2372 intermediate
1309 2339 1461 2372 between
1482 2339 1542 2372 the
1564 2350 1586 2372 a
1608 2340 1643 2372 of
1664 2340 1725 2373 the

115 2394 237 2436 simple
259 2394 341 2426 verb
365 2394 434 2426 and
456 2394 515 2426 the
537 2395 625 2426 later
647 2396 673 2426 i.
829 2396 892 2426 244
915 2405 931 2427 e
950 2397 1070 2436 parvis
1093 2400 1126 2427 et
1149 2396 1275 2427 levibus
1300 2399 1348 2427 est
1371 2396 1537 2427 elementis
1560 2395 1660 2427 Wak.
1684 2395 1722 2428 in

113 2450 212 2481 notes
234 2448 287 2481 for
309 2459 325 2480 e
351 2459 389 2489 p.
413 2453 445 2480 et
469 2448 491 2482 l.
516 2459 557 2480 ea:
579 2449 670 2480 elem.
694 2448 764 2480 and
792 2448 919 2489 justly:
951 2459 1064 2489 comp.
1087 2458 1123 2480 VI
1146 2449 1229 2481 330:
1261 2448 1299 2480 in
1328 2448 1384 2481 his
1415 2451 1488 2481 text
1517 2449 1560 2481 he
1591 2449 1723 2482 follows

115 2503 234 2536 Gamb.
251 2509 298 2535 est
316 2513 351 2543 p.
372 2508 404 2535 et
425 2504 446 2535 l.
467 2513 507 2535 ex
523 2505 564 2535 el.
581 2502 694 2535 which
714 2513 794 2544 may
808 2503 850 2535 be
870 2503 973 2544 right.
1020 2508 1051 2535 et
1068 2514 1104 2544 p.
1124 2508 1156 2535 et
1179 2505 1201 2535 l.
1225 2514 1265 2536 ex
1280 2514 1306 2537 e.
1332 2504 1437 2537 Lach.
1487 2514 1503 2537 e
1523 2506 1641 2546 parvis
1663 2509 1723 2537 aut

115 2560 136 2591 l.
157 2569 197 2591 esc
213 2560 254 2590 el.
272 2558 293 2589 J
295 2561 368 2591 unt.
388 2558 511 2590 Lamb.
528 2561 590 2590 not
605 2558 705 2590 Pont.
726 2568 764 2590 or
779 2558 866 2590 Mar.
1000 2559 1063 2591 249
1078 2558 1110 2590 is
1125 2558 1200 2590 first
1215 2559 1344 2600 rightly
1358 2559 1459 2600 given
1474 2559 1519 2601 by
1535 2560 1635 2592 Pont.
1652 2559 1721 2592 and

113 2613 241 2646 Avanc.
257 2613 294 2645 in
310 2616 408 2645 notes
424 2615 461 2645 at
476 2613 536 2646 the
551 2613 618 2645 end
633 2614 668 2645 of
689 2613 746 2645 his
762 2613 920 2646 Catullus
934 2627 940 2646 :
965 2613 1023 2645 AB
1040 2612 1127 2644 have
1145 2614 1342 2646 Concutitur
1358 2619 1427 2646 tum
1441 2615 1578 2654 sanquis
1593 2615 1722 2646 viscera

109 2669 351 2708 persentisiunt
366 2681 373 2700 :
397 2668 488 2699 Flor.
505 2668 546 2699 31
564 2667 682 2701 Camb.
703 2669 722 2699 3
740 2667 815 2700 Vat.
835 2667 911 2708 give
921 2669 1186 2708 persentiscunt:
1211 2667 1282 2699 this
1297 2668 1556 2709 unrhythmical
1572 2667 1670 2700 order
1687 2668 1725 2700 of

115 2721 174 2753 the
189 2721 266 2753 first
282 2721 392 2753 words
409 2731 551 2763 appears
566 2721 604 2753 in
626 2721 685 2752 the
706 2722 803 2754 Junt.
826 2721 895 2753 and
915 2721 953 2753 in
974 2721 1033 2752 the
1053 2723 1125 2753 text
1146 2731 1230 2753 even
1251 2722 1288 2753 of
1307 2722 1428 2754 Lamb.
1444 2721 1496 2753 ed.
1515 2723 1553 2760 13
1578 2721 1615 2753 in
1630 2721 1681 2754 ed.
1701 2724 1722 2754 2

115 2775 184 2807 and
199 2777 219 2807 3
235 2775 304 2808 and
318 2779 418 2808 notes
434 2776 471 2808 of
493 2777 510 2806 1
527 2775 570 2807 he
585 2776 684 2807 reads
703 2777 786 2808 Tum
806 2778 961 2817 quatitur
980 2777 1130 2815 samaia
1154 2780 1244 2809 tum:
1267 2776 1361 2808 Nico.
1383 2776 1506 2808 misled
1526 2777 1571 2817 by
1587 2787 1721 2817 persen-

116 2831 238 2862 tisiunt
258 2829 431 2869 strangely
455 2839 537 2869 gave
562 2830 759 2862 Gom-utitur
782 2835 850 2861 tum
873 2832 1010 2869 sanquis
1029 2840 1092 2870 per
1113 2835 1219 2862 sentes
1245 2832 1371 2862 viscera
1394 2832 1491 2868 iunt3
1521 2830 1592 2863 and
1614 2830 1721 2863 hence

115 2883 192 2916 Ver.
216 2883 284 2915 and
307 2883 391 2917 Ven.
418 2885 492 2916 vint
514 2883 566 2915 for
588 2885 683 2923 iunt3
708 2886 769 2917 out
791 2884 829 2916 of
848 2884 962 2916 which
984 2884 1111 2918 Avanc.
1139 2883 1177 2916 in
1199 2884 1277 2917 Ald.
1302 2885 1321 2917 1
1343 2885 1562 2926 ingeniously
1585 2884 1717 2917 devised

229 2959 275 2990 M.
1580 2952 1606 2995 9
