1997 3267
64 2872 122 2894 nec
138 2864 193 2894 sit.

65 2918 117 2948 vel
132 2917 298 2957 adusque3
321 2926 370 2955 or,
386 2927 425 2949 as
441 2917 525 2950 Mar.
543 2927 650 2957 marg.
669 2918 760 2950 Flor.
775 2920 815 2950 32
831 2919 907 2951 Ald.
925 2920 945 2950 J
948 2922 1032 2958 unt.,
1048 2921 1191 2961 patefiat
1207 2921 1251 2951 ad
1266 2929 1378 2960 usque.

67 2969 160 3001 Nice.
178 2969 230 3000 for
245 2980 369 3004 omnus.
524 2971 586 3004 971
602 2972 645 3002 Id
660 2973 785 3004 validis
800 2972 921 3004 Lamb.
937 2973 1012 3004 first
1028 2973 1080 3004 for
1095 2974 1274 3005 Invalidis.
1323 2973 1413 3006 Flor.
1434 2973 1474 3004 32
1490 2973 1558 3004 and
1574 2973 1660 3004 Mar.

886 219 907 259 I

189 327 447 384 contingunt
478 326 616 368 mellis
646 325 761 367 dulci
791 326 985 380 flavoque
1016 325 1193 380 liquore,

188 401 238 437 ut
268 410 496 451 puerorum
527 400 644 437 aetas
675 394 897 449 inprovida
928 394 1173 435 ludificetur

185 465 399 506 labrorum
430 469 568 513 tenus,
598 463 762 504 interea
792 467 991 517 perpotet
1021 476 1215 503 amarum

186 532 375 574 absinthi
406 532 576 573 laticem
607 531 871 586 deceptaque
901 546 987 572 non
1017 530 1224 585 capiatur,

186 600 260 642 sed
289 600 432 656 potius
463 599 540 641 tali
569 604 695 654 pacto
725 604 917 640 recreata
946 598 1143 648 valescat,

185 669 245 710 sic
275 683 353 725 ego
383 682 506 718 nunc,
538 667 738 723 quoniam
769 667 874 709 haec
904 667 1014 709 ratio
1043 667 1296 723 plerumque
1327 667 1498 710 videtur

186 737 349 780 tristior
377 751 467 779 esse
498 736 652 792 quibus
682 750 768 777 non
798 740 864 777 est
895 740 1090 785 tractata,
1120 741 1319 791 retroque

185 806 335 862 volgus
363 805 563 846 abhorret
594 803 649 845 ab
680 804 771 853 hac,
801 803 917 845 volui
947 803 1029 845 tibi
1059 803 1377 858 suaviloquenti

186 875 370 916 carmine
402 873 540 915 Pierio
570 873 781 914 rationem
812 887 1023 928 exponere
1054 877 1244 914 nostram

185 949 230 985 et
260 943 381 999 quasi
409 957 581 984 musaeo
612 941 728 984 dulci
758 941 1004 997 contingere
1036 941 1175 992 melle,

184 1013 222 1054 si
252 1013 333 1054 tibi
364 1013 472 1054 forte
501 1012 694 1054 animum
726 1012 804 1053 tali
834 1012 999 1053 ratione
1030 1018 1177 1053 tenere

184 1082 376 1123 versibus
404 1081 451 1123 in
479 1081 636 1123 nostris
667 1095 846 1137 possem,
878 1081 980 1122 dum
1011 1080 1217 1136 perspicis
1248 1095 1417 1122 omnem

183 1155 382 1192 naturam
412 1165 554 1191 rerum
586 1165 670 1205 qua
700 1155 868 1191 constet
898 1155 1068 1205 compta
1099 1149 1247 1206 figura.

243 1217 329 1260 Sed
359 1217 559 1273 quoniam
591 1217 716 1259 docui
746 1217 1001 1259 solidissima
1031 1218 1229 1260 materiai

184 1301 356 1342 corpora
384 1292 592 1342 perpetuo
623 1286 802 1328 volitare
834 1286 996 1327 invicta
1025 1301 1102 1342 per
1131 1301 1292 1337 aevom.

182 1369 296 1396 nunc
325 1369 417 1410 age,
447 1354 631 1395 summai
662 1354 873 1409 quaedam
904 1354 961 1396 sit
992 1354 1089 1395 finis
1120 1369 1266 1396 eorum

182 1436 315 1463 necne
345 1421 413 1471 sit,
444 1422 713 1474 evolvamus3
752 1422 859 1463 item
891 1422 1004 1478 quod
1035 1423 1161 1463 inane
1191 1426 1454 1478 repertumst

184 1506 258 1532 seu
290 1490 405 1532 locus
436 1505 484 1532 ac
514 1491 717 1546 spatium,
747 1505 814 1532 res
845 1490 891 1532 in
921 1505 1005 1546 quo
1036 1505 1232 1546 quaeque
1263 1496 1479 1547 gerantur,

181 1559 478 1614 pervideamus
507 1564 656 1601 utrum
686 1559 859 1601 finitum
891 1559 1087 1600 funditus
1117 1574 1242 1600 omne

182 1633 348 1670 constet
377 1643 433 1669 an
462 1628 721 1669 immensum
752 1633 901 1683 pateat
933 1633 1138 1684 vasteque
1168 1628 1438 1683 profundum.

241 1697 380 1738 Omne
411 1697 523 1753 quod
556 1702 621 1738 est
651 1696 787 1753 igitur
815 1697 936 1738 nulla
965 1698 1139 1753 regione
1171 1698 1337 1738 viarum

183 1763 423 1815 finitumst3
462 1779 648 1819 namque
680 1770 921 1805 extremum
953 1764 1139 1806 debebat
1170 1764 1337 1806 habere.

183 1837 423 1873 extremum
454 1847 575 1887 porro
605 1833 767 1874 nullius
798 1847 919 1888 posse
950 1833 1122 1874 videtur

183 1913 285 1948 esse,
315 1899 400 1940 nisi
429 1900 543 1940 ultra
573 1899 629 1941 sit
660 1899 773 1955 quod
805 1899 953 1951 finiat3
988 1905 1039 1941 ut
1070 1899 1268 1941 videatur

184 1981 268 2022 quo
297 1982 383 2008 non
413 1967 582 2023 longius
612 1967 717 2009 haec
747 1982 896 2009 sensus
926 1974 1083 2010 natura
1113 1973 1327 2024 sequatur.

180 2049 295 2075 nunc
324 2039 446 2076 extra
474 2049 686 2076 summam
718 2034 918 2090 quoniam
950 2035 1012 2075 nil
1043 2049 1134 2076 esse
1166 2034 1401 2083 fatendum,

181 2117 266 2144 non
297 2103 427 2144 habet
458 2108 711 2153 extremum,
741 2110 857 2145 caret
888 2119 987 2160 ergo
1017 2104 1102 2145 fine
1135 2104 1353 2159 modoque.

180 2184 259 2210 nec
288 2169 418 2211 refert
448 2169 604 2225 quibus
634 2171 815 2212 adsistas
846 2170 1091 2226 regionibus
1122 2169 1239 2221 eius;

181 2249 316 2290 usque
347 2235 463 2284 adeo,
495 2250 623 2290 quem
653 2237 834 2292 quisque
866 2236 1005 2277 locum
1037 2235 1238 2291 possedit,
1269 2235 1315 2276 in
1345 2234 1482 2275 omnis

180 2303 438 2345 tantundem
468 2304 602 2359 partis
632 2304 852 2347 infinitum
883 2320 1008 2346 omne
1038 2304 1255 2360 relinquit.

181 2376 401 2426 praeterea
431 2371 467 2413 51
496 2372 583 2413 iam
613 2372 786 2414 finitum
816 2373 1105 2414 constituatur

181 2451 305 2478 omne
336 2437 449 2492 quod
479 2443 545 2479 est
575 2439 776 2494 spatium,
807 2439 940 2495 siquis
970 2443 1189 2493 procurrat
1219 2436 1274 2479 ad
1304 2450 1397 2478 oras

180 2504 360 2545 ultimus
391 2509 602 2546 extremas
632 2505 846 2561 iaciatque
878 2506 1049 2547 volatile
1080 2505 1229 2554 telum,

179 2571 224 2614 id
254 2572 406 2614 validis
435 2579 583 2614 utrum
613 2580 856 2616 contortum
887 2575 1050 2616 viribus
1080 2574 1142 2616 ire

1615 230 1664 274 71

1585 475 1671 516 940

1584 816 1664 857 945

1583 1160 1670 1203 950

1583 1501 1662 1544 955

1582 1833 1667 1885 960

1581 2169 1660 2221 965

1580 2514 1665 2556 970

65 2755 218 2787 dulatius
233 2757 356 2787 animos
372 2755 461 2796 leges
472 2757 492 2788 '.
536 2756 606 2787 But
622 2766 657 2788 1v
672 2758 692 2790 7
708 2759 855 2789 animum
869 2757 989 2790 Lamb.
1026 2759 1153 2790 animos
1169 2756 1307 2789 Greech.
1482 2756 1544 2790 942
1562 2761 1664 2797 pacto

65 2809 185 2841 Heius.
202 2809 239 2840 in
254 2818 318 2841 ms.
335 2811 434 2841 notes
450 2809 518 2841 and
532 2810 639 2842 Lach.
655 2810 783 2851 rightly
797 2811 849 2842 for
862 2812 969 2850 facto.

343 2863 405 2896 957
421 2868 576 2903 vasteque
593 2863 684 2895 Nico.
702 2864 880 2904 corrupted
895 2865 969 2896 into
985 2865 1150 2905 adusque3
1175 2864 1230 2896 his
1247 2865 1413 2896 followers
1429 2864 1574 2904 adusque
1590 2863 1663 2895 into

1482 2919 1545 2952 966
1560 2920 1663 2950 omnis

1090 2812 1153 2844 954
1169 2813 1278 2843 Necne
1295 2812 1341 2842 sit
1356 2811 1456 2842 Pont.
1472 2810 1591 2842 Lamb.
1612 2810 1664 2841 for
