1997 3267
903 216 952 259 Π
1674 235 1732 276 99

243 331 287 366 et
318 330 575 380 superantur
605 324 720 366 item.
784 324 989 366 miscetur
1020 325 1168 367 funere
1199 340 1329 383 vagor

242 408 369 448 quem
401 394 523 449 pueri
555 394 712 435 tollunt
743 392 922 435 visentis
953 394 1128 435 luminis
1159 409 1279 447 oras;

244 476 320 502 nec
352 476 433 502 nox
465 461 552 502 ulla
583 461 696 502 diem
728 475 867 516 neque
899 467 1069 503 noctem
1102 477 1255 504 aurora
1286 469 1476 506 secutast

243 543 352 584 quae
384 543 468 569 non
499 528 685 569 audierit
716 528 874 570 mixtos
904 529 1124 585 vagitibus
1154 530 1294 587 aegris

243 598 434 654 ploratus
464 597 612 639 mortis
643 597 819 638 comites
851 603 896 639 et
927 598 1087 639 funeris
1117 599 1212 640 atri.
1652 603 1732 653 580

302 667 416 708 Illud
446 667 491 708 in
523 667 589 708 his
619 666 895 722 obsignatum
927 682 1096 722 quoque
1127 667 1256 709 rebus
1287 667 1443 711 habere

243 737 443 778 convenit
475 742 518 777 et
549 735 726 776 memori
758 735 1011 776 mandatum
1043 742 1189 777 mente
1221 742 1380 787 tenere,

243 805 303 845 nil
336 820 437 853 esse,
470 805 512 845 in
545 810 748 860 promptu
781 819 961 859 quorum
994 810 1148 846 natura
1179 805 1362 855 videtur,

244 874 356 929 quod
387 888 543 930 genere
574 888 626 914 ex
658 888 743 915 uno
774 873 979 914 consistat
1011 874 1330 930 principiorum,

246 957 321 984 nec
352 943 577 998 quicquam
611 942 722 997 quod
754 956 840 983 non
870 943 1084 997 permixto
1116 943 1277 984 semine
1308 949 1487 986 constet.
1651 947 1727 998 585

245 1017 290 1053 et
322 1011 619 1067 quodcumque
651 1011 789 1067 magis
820 1011 883 1052 vis
914 1011 1074 1053 multas
1104 1012 1293 1067 possidet
1323 1012 1368 1054 in
1399 1027 1443 1055 se

245 1086 376 1136 atque
406 1085 654 1136 potestates,
685 1079 748 1121 ita
778 1080 965 1135 plurima
995 1079 1303 1135 principiorum

245 1149 290 1190 in
321 1163 411 1190 sese
441 1164 597 1204 genera
627 1163 675 1189 ac
707 1148 845 1189 varias
875 1149 998 1190 docet
1031 1164 1121 1190 esse
1153 1149 1324 1204 figuras.

244 1217 451 1273 principio
483 1218 611 1258 tellus
642 1217 774 1259 habet
805 1217 850 1258 in
881 1232 925 1258 se
957 1232 1129 1272 corpora
1161 1218 1300 1273 prima

247 1286 360 1328 unde
392 1302 508 1328 mare
539 1287 784 1328 inmensum
817 1287 1036 1329 volventes
1068 1288 1223 1344 frigora
1255 1288 1395 1329 fontes
1651 1298 1735 1342 590

245 1354 422 1398 adsidue
454 1361 671 1406 renovent,
703 1356 835 1397 habet
865 1356 987 1413 ignes
1019 1357 1133 1398 unde
1166 1357 1369 1400 oriantur,

245 1439 345 1466 nam
377 1425 525 1466 multis
556 1439 757 1467 succensa
788 1426 888 1467 locis
919 1426 1072 1467 ardent
1102 1427 1191 1468 sola
1223 1432 1373 1479 terrae,

247 1494 415 1536 eximiis
447 1510 545 1536 vero
576 1495 682 1536 furit
713 1496 886 1550 ignibus
917 1496 1107 1551 impetus
1138 1496 1320 1538 Aetnae.

245 1569 341 1606 tum
371 1579 494 1620 porro
525 1564 685 1606 nitidas
716 1565 860 1620 fruges
890 1565 1151 1620 arbustaque
1183 1565 1297 1606 laeta

244 1634 449 1690 gentibus
480 1634 679 1676 humanis
711 1634 843 1676 habet
874 1634 988 1676 unde
1021 1635 1225 1677 extollere
1256 1635 1402 1690 possit,
1655 1644 1730 1688 595

246 1703 360 1745 unde
391 1703 522 1744 etiarn
554 1703 707 1744 fluvios
738 1703 907 1745 frondes
939 1709 983 1744 et
1014 1704 1172 1758 pabula
1202 1703 1316 1745 laeta

247 1772 492 1828 montivago
523 1772 671 1827 generi
702 1772 836 1827 possit
867 1772 1071 1828 praebere
1103 1773 1299 1815 ferarum.

247 1856 377 1897 quare
408 1856 564 1897 magna
593 1841 722 1882 deum
754 1847 893 1883 mater
923 1848 1146 1898 materque
1177 1843 1362 1884 ferarum

248 1915 292 1952 et
322 1909 456 1952 nostri
484 1910 682 1966 genetrix
713 1910 818 1952 haec
849 1911 965 1952 dicta
995 1916 1061 1952 est
1091 1911 1275 1966 corporis
1306 1926 1402 1968 una.

306 1978 431 2019 Hanc
461 1983 626 2020 veteres
658 1978 837 2020 Graium
868 1979 983 2020 docti
1014 1979 1203 2020 cecinere
1234 1984 1387 2034 poetae
1648 1979 1736 2022 600

247 2114 418 2157 sedibus
448 2115 494 2156 in
524 2130 650 2157 curru
681 2115 850 2171 biiugos
880 2115 1042 2172 agitare
1074 2115 1226 2164 leones,

247 2183 356 2226 aeris
386 2183 432 2225 in
463 2184 602 2239 spatio
634 2199 836 2240 magnam
867 2184 1052 2240 pendere
1084 2183 1286 2225 docentes

249 2254 447 2295 tellurem
478 2269 617 2310 neque
648 2269 769 2310 posse
801 2254 846 2295 in
877 2260 992 2296 terra
1022 2254 1170 2296 sistere
1201 2259 1371 2298 terram.

246 2323 478 2366 adiunxere
509 2324 630 2373 feras,
661 2323 762 2379 quia
794 2322 988 2379 quamvis
1018 2323 1149 2364 effera
1177 2323 1316 2378 proles

247 2392 395 2435 officiis
425 2393 554 2435 debet
584 2392 741 2434 molliri
773 2392 888 2434 victa
918 2397 1158 2448 parentum.
1649 2394 1728 2444 605

176 2538 238 2571 586
268 2539 356 2580 quod
386 2548 520 2579 cumque
550 2537 654 2570 Lach.
686 2538 740 2570 for
770 2547 1010 2579 quaecumque:
1048 2537 1206 2578 previous
1237 2538 1364 2570 editors
1392 2537 1480 2570 have
1514 2547 1600 2579 gone
1629 2538 1734 2570 much

132 2596 256 2634 astray.
394 2593 455 2625 593
478 2592 559 2635 (and
580 2592 656 2634 607)
678 2594 828 2624 Eximiis
848 2592 975 2624 Avanc.
995 2591 1048 2623 for
1064 2593 1120 2623 Ex
1141 2594 1230 2624 imis.
1281 2592 1356 2624 ‘Sic
1372 2603 1403 2624 v.
1420 2593 1444 2624 l.
1461 2593 1675 2625 o....Marull.
1693 2602 1734 2624 ex

133 2646 224 2687 Virg.
248 2646 307 2678 lib.
333 2647 364 2685 5,
388 2657 427 2678 ex
449 2648 535 2686 imis,
562 2648 681 2678 contra
703 2656 735 2677 v.
759 2646 814 2678 l.’:
846 2645 905 2677 the
933 2647 1076 2677 ‘veteres
1099 2645 1178 2677 libri
1201 2648 1337 2678 omnes'
1369 2656 1426 2678 are
1457 2645 1537 2686 only
1559 2646 1618 2677 the
1647 2646 1732 2677 Ven.

132 2701 170 2732 in
192 2700 303 2732 which
325 2710 412 2732 were
435 2699 614 2732 Marullus’
640 2709 705 2731 ms.
729 2702 845 2732 notes:
877 2699 961 2732 Ven.
992 2699 1057 2731 has
1081 2701 1212 2731 Eximis
1235 2699 1347 2731 which
1371 2700 1439 2732 Gif.
1463 2699 1629 2741 probably
1651 2700 1733 2731 read

132 2757 299 2788 Eximiis:
323 2756 491 2787 Marullus
512 2755 660 2796 perhaps
681 2754 828 2786 referred
850 2757 886 2786 to
910 2755 992 2786 Aen.
1020 2764 1063 2786 111
1086 2756 1150 2788 577
1166 2756 1340 2796 fundoque
1365 2760 1537 2787 exaestuat
1559 2756 1636 2795 imo,
1664 2755 1734 2787 and

132 2809 268 2842 divided
282 2810 340 2841 the
356 2809 465 2841 word:
489 2809 533 2841 he
547 2809 664 2841 makes
680 2819 726 2841 no
742 2809 873 2849 change
888 2809 926 2840 in
941 2808 1014 2840 cod.
1032 2809 1158 2840 Victor.
1519 2809 1581 2841 601
1595 2820 1601 2840 :
1626 2810 1732 2841 Lach.

133 2863 214 2895 with
238 2874 361 2896 reason
384 2873 548 2905 supposes
569 2874 589 2896 a
609 2873 705 2896 verse
725 2865 762 2896 to
783 2864 824 2896 be
848 2864 916 2895 lost
940 2864 1030 2901 here,
1055 2863 1167 2895 which
1188 2864 1233 2895 he
1255 2863 1338 2895 thus
1364 2864 1524 2904 supplies,
1552 2865 1733 2905 Maqmfice

131 2919 245 2951 divam
273 2929 313 2952 ex
341 2921 424 2960 ipsis
449 2919 671 2960 penetralibu’
700 2924 829 2951 vectam
861 2920 1010 2951 Sedibus.
1055 2918 1176 2950 Lamb.
1208 2918 1307 2950 reads
1344 2919 1523 2950 Sublimem
1553 2918 1607 2949 for
1638 2919 1732 2950 Sedi-

134 2974 201 3005 bus.
347 2973 410 3006 605
425 2975 550 3006 molliri
565 2973 656 3006 Nice.
677 2973 769 3005 Flor.
786 2973 827 3005 31
844 2973 962 3006 Gamb.
983 2973 1035 3004 for
1050 2973 1172 3004 moliri.
1317 2973 1380 3005 613
1396 2974 1502 3004 orbem
1517 2972 1616 3003 Pont.
1634 2973 1732 3004 Junt.

1507 3031 1618 3076 7—2
