1997 3267
874 194 899 236 I
1632 206 1683 250 75

199 316 367 343 summa
396 310 527 358 atque
557 302 654 351 ima,
687 302 799 358 quod
830 302 875 343 in
906 302 1096 344 medium
1128 302 1216 344 sint
1246 303 1389 345 omnia
1419 303 1541 346 nixa:

199 371 340 426 ipsum
371 372 407 414 si
437 372 666 428 quicquam
697 386 818 428 posse
849 371 895 412 in
925 386 970 413 se
1000 372 1152 414 sistere
1182 372 1340 414 credis:

200 445 244 481 et
275 454 383 495 quae
415 440 602 495 pondera
631 445 732 481 sunt
763 439 842 481 sub
873 440 997 481 terris
1028 440 1172 481 omnia
1202 455 1369 482 sursum

200 508 329 550 nitier
358 508 403 550 in
434 514 631 565 terraque
661 514 775 550 retro
805 508 1071 564 requiescere
1102 514 1238 564 posta,

199 582 250 618 ut
280 591 355 632 per
385 592 516 633 aquas
546 591 654 633 quae
686 591 800 618 nunc
830 591 973 618 rerum
1004 576 1232 618 simulacra
1263 577 1466 620 videmus.
1579 582 1688 623 1060

200 651 245 688 et
275 646 405 687 simili
435 646 599 688 ratione
630 645 834 687 animalia
864 660 1002 701 suppa
1032 646 1179 700 vagari

199 715 465 756 contendunt
495 729 634 770 neque
665 728 786 769 posse
819 729 841 755 e
873 714 998 755 terris
1028 714 1074 755 in
1105 715 1195 755 loca
1225 713 1331 756 caeli

198 783 407 825 reccidere
437 782 637 824 inferiora
665 782 802 839 magis
834 797 963 838 quam
995 797 1169 838 corpora
1199 789 1344 825 nostra

197 857 349 907 sponte
379 866 457 893 sua
486 851 651 907 possint
681 851 726 892 in
757 852 863 893 caeli
895 852 1059 907 templa
1089 852 1254 903 volare3

198 920 261 962 illi
291 935 388 962 cum
419 919 593 962 videant
624 920 768 969 solem,
798 934 875 961 nos
905 920 1045 961 sidera
1074 921 1212 962 noctis
1581 924 1683 976 1065

197 1004 378 1039 cernere,
409 994 454 1031 et
484 989 661 1031 alternis
690 988 912 1031 nobiscum
944 995 1137 1045 tempora
1167 990 1273 1032 caeli

196 1058 385 1100 dividere
416 1063 460 1100 et
490 1064 636 1099 noctes
666 1058 813 1114 parilis
843 1058 1007 1114 agitare
1038 1058 1201 1102 diebus.

197 1128 272 1170 sed
301 1142 438 1169 vanus
468 1128 634 1169 stolidis
666 1127 770 1170 haec

196 1197 383 1252 amplexi
414 1197 526 1253 quod
557 1197 719 1239 habent
750 1212 854 1253 perv

196 1281 296 1308 nam
327 1267 518 1309 medium
548 1267 610 1308 nil
641 1282 732 1309 esse
763 1272 908 1323 potest
1581 1278 1689 1319 1070

197 1334 377 1377 infinita.
437 1350 577 1391 neque
609 1335 792 1385 omnino,
823 1335 860 1377 si
890 1335 976 1376 iam
1007 1334 1192 1377 ‘mediam
1221 1334 1277 1377 sit

196 1404 330 1460 possit
360 1404 421 1446 ibi
451 1404 680 1460 quicquam
712 1404 942 1447 consistere

196 1488 326 1529 quam
357 1473 507 1530 quavis
537 1473 621 1515 alia
651 1474 776 1531 longe
808 1474 975 1516 ratione

197 1542 334 1584 omnis
365 1542 479 1584 enim
512 1542 628 1584 locus
659 1557 707 1584 ac
738 1543 930 1598 spatium
962 1542 1076 1598 quod
1107 1542 1234 1584 inane
1264 1557 1457 1584 vocamus

196 1626 273 1668 per
302 1610 493 1652 medium
523 1625 600 1667 per
629 1626 714 1652 non
746 1610 938 1652 medium
970 1611 1199 1653 concedere
1231 1611 1343 1652 debet
1582 1620 1683 1663 1075

197 1694 331 1736 aeque
361 1679 632 1735 ponderibus,
663 1684 806 1720 motus
836 1693 1106 1735 quacumque
1138 1679 1344 1720 feruntur.

197 1762 276 1790 nec
307 1748 532 1803 quisquam
564 1748 681 1789 locus
711 1753 788 1797 est,
820 1762 904 1803 quo
935 1762 1109 1803 corpora
1139 1761 1237 1788 cum
1268 1752 1482 1796 venerunt,

197 1817 396 1874 ponderis
425 1817 581 1859 amissa
611 1817 655 1859 vi
684 1816 850 1873 possint
881 1822 994 1858 stare
1024 1817 1070 1858 in
1101 1816 1243 1868 inani3

82 1980 241 2011 Adsimili
268 1978 336 2011 and
359 1979 450 2020 joins
476 1977 560 2010 with
584 1978 613 2010 it
638 1977 696 2011 the
722 1977 903 2018 preceding
929 1987 1033 2016 verse,
1057 1977 1196 2018 putting
1221 1987 1242 2008 a
1269 1976 1334 2008 full
1358 1979 1435 2017 stop
1458 1979 1494 2010 at
1512 1983 1623 2019 posta.
1669 1978 1687 2010 1

83 2032 184 2064 think
198 2032 272 2064 him
289 2032 382 2073 quite
397 2042 532 2073 wrong:
558 2032 616 2064 the
632 2032 743 2064 simile
758 2032 789 2064 is
806 2032 940 2073 exactly
956 2032 1015 2064 the
1032 2042 1125 2064 same
1144 2041 1182 2063 as
1203 2041 1239 2063 1v
1259 2031 1334 2068 418,
1352 2031 1463 2063 where
1485 2032 1557 2064 also
1579 2032 1682 2066 Lach.

82 2087 199 2118 makes
215 2096 442 2128 unnecessary
456 2087 615 2127 changes.
806 2087 1019 2119 1068—1075
1033 2096 1040 2118 ε
1065 2086 1162 2118 these
1178 2088 1197 2118 8
1214 2085 1396 2118 mutilated
1412 2096 1525 2118 verses
1540 2097 1636 2119 came
1652 2090 1687 2120 at

82 2142 142 2173 the
157 2141 344 2182 beginning
359 2141 396 2173 of
415 2151 449 2182 p.
466 2142 507 2172 45
523 2141 561 2173 of
581 2140 639 2172 the
655 2140 860 2181 archetype;
883 2139 953 2172 and
973 2140 1033 2172 the
1055 2139 1140 2171 ends
1162 2150 1246 2171 were
1267 2139 1436 2172 therefore
1457 2143 1492 2172 at
1513 2140 1572 2172 the
1592 2143 1689 2173 outer

82 2197 227 2236 margin.
274 2196 303 2228 B
327 2196 396 2228 and
419 2196 512 2228 Gott.
530 2196 616 2228 omit
639 2196 735 2228 them
758 2195 957 2236 altogether,
975 2195 1036 2227 but
1060 2194 1194 2235 append
1217 2204 1237 2226 a
1260 2204 1352 2226 cross
1376 2195 1444 2226 and
1466 2205 1543 2228 v111.
1591 2196 1685 2228 Nicc.

82 2250 175 2291 gives
191 2250 286 2283 them
300 2250 477 2292 imperfect
492 2261 531 2283 as
546 2250 582 2282 in
598 2251 638 2283 A.
685 2250 757 2282 The
772 2251 860 2282 later
874 2260 958 2282 mss.
975 2249 1051 2282 A1d.
1073 2251 1102 2287 1,
1120 2250 1218 2281 Junt.
1235 2249 1323 2281 after
1339 2249 1437 2288 Mar„
1455 2250 1576 2282 Lamb.
1594 2260 1684 2282 com-

81 2304 171 2345 plete
193 2303 288 2336 them
310 2303 348 2335 in
364 2303 500 2336 various
515 2313 618 2345 ways.
666 2304 683 2335 1
704 2304 866 2344 formerly
883 2302 1060 2344 suggested
1083 2303 1120 2334 in
1143 2303 1226 2334 1068
1248 2313 1338 2335 error
1354 2304 1451 2344 falsa
1470 2306 1630 2344 probavit
1651 2314 1688 2336 or

82 2367 172 2390 error
186 2359 313 2389 somnia
321 2358 447 2398 finxit:
473 2357 556 2390 1069
567 2367 726 2398 perversa
739 2367 807 2389 rem
822 2358 953 2388 ratione
966 2366 974 2388 ε
1001 2356 1084 2390 1070
1101 2357 1234 2397 quando
1249 2357 1360 2388 omnia
1375 2362 1538 2394 constant,
1552 2367 1590 2389 or
1605 2358 1687 2389 with

81 2410 187 2442 Lach.
203 2412 261 2442 ubi
276 2421 401 2442 summa
412 2411 627 2452 profundist:
653 2411 737 2444 1072
754 2421 826 2442 eam
840 2412 948 2451 mayis
963 2411 1002 2442 ob
1017 2421 1084 2442 rem
1097 2422 1103 2442 :
1129 2411 1213 2443 1073
1229 2411 1357 2450 repelli.
1481 2411 1564 2444 1073
1580 2411 1686 2444 Lach.

80 2464 178 2497 reads
192 2466 261 2497 alio
277 2464 330 2497 for
344 2466 429 2502 alia,
443 2464 512 2497 and
526 2475 690 2506 proposes
706 2475 812 2498 meare
828 2468 864 2498 at
880 2465 956 2502 end,
970 2465 1039 2497 and
1054 2466 1153 2496 malle
1165 2466 1286 2506 putari
1302 2464 1340 2495 in
1357 2465 1456 2498 1072:
1480 2464 1523 2497 he
1540 2465 1687 2497 declines

81 2520 118 2550 to
131 2518 301 2559 prophesy
315 2517 353 2549 in
370 2518 454 2550 1068
469 2518 539 2550 and
556 2519 649 2552 1069.
845 2519 928 2552 1071
945 2518 1032 2551 Mar.
1049 2519 1069 2550 J
1072 2521 1146 2550 unt.
1163 2520 1254 2550 most
1276 2518 1370 2559 truly
1384 2528 1485 2560 neque
1507 2521 1636 2551 omnino
1656 2520 1688 2551 si

80 2573 150 2604 iam
163 2573 306 2604 medium
321 2574 366 2604 sit
381 2572 434 2604 for
448 2574 585 2614 denique
600 2574 730 2605 omnino
745 2574 776 2605 si
792 2574 870 2606 iam.
1051 2573 1136 2606 1074
1153 2572 1212 2604 the
1229 2571 1295 2604 end
1310 2571 1341 2603 is
1364 2572 1521 2613 supplied
1541 2572 1584 2613 by
1599 2572 1686 2605 Mar.

81 2625 157 2657 Ald.
175 2626 193 2657 1
209 2625 280 2658 and
294 2626 393 2658 Junt.
527 2627 609 2659 1075
627 2627 720 2658 debet
735 2626 847 2664 Wak„
864 2632 991 2668 oportet
1007 2626 1101 2658 older
1116 2636 1201 2659 corr.
1358 2627 1441 2660 1076
1458 2628 1569 2667 Aeque
1587 2626 1685 2658 sunt.

82 2681 133 2712 for
147 2683 260 2723 aequis
275 2681 387 2713 which
401 2681 499 2715 Wak.
519 2681 681 2722 absurdly
696 2681 846 2715 defends.
984 2682 1068 2714 1078
1084 2683 1122 2713 in
1136 2681 1247 2715 added
1261 2682 1307 2724 by
1323 2682 1412 2714 Mar.
1427 2681 1502 2714 Ald.
1523 2683 1541 2712 1
1558 2682 1579 2713 J
1581 2684 1655 2714 unt.

146 2736 230 2767 1082
242 2737 382 2767 concilio
395 2735 481 2767 Mar.
493 2735 514 2767 J
516 2737 590 2768 unt.
601 2736 653 2767 for
665 2737 853 2774 concilium,
864 2735 923 2767 the
934 2746 966 2767 m
975 2735 1109 2776 coming
1119 2736 1208 2768 from
1218 2738 1330 2768 medii.
1355 2737 1541 2769 concilium.
1550 2762 1555 2768 .
1564 2741 1686 2768 .vectae

80 2788 187 2821 Lach.
203 2788 314 2821 which
331 2798 438 2821 seems
453 2788 520 2821 less
535 2788 692 2829 poetical.
737 2790 870 2821 vinctae
885 2789 999 2822 Bentl.
1042 2789 1126 2822 1085
1143 2791 1227 2822 1086
1244 2800 1301 2821 are
1317 2789 1523 2829 transposed
1538 2789 1581 2829 by
1598 2790 1683 2821 Mar.

81 2843 150 2875 and
171 2843 267 2875 Junt.
292 2843 448 2875 followed
470 2843 515 2885 by
538 2843 584 2875 all
606 2843 720 2875 before
742 2843 869 2876 Laoh.:
899 2843 962 2875 but
985 2842 1126 2883 Ussing,
1151 2843 1304 2876 Tidsskr.
1328 2844 1381 2875 for
1403 2843 1526 2874 Philol.
1550 2853 1597 2882 v1‚
1621 2843 1685 2876 has

80 2896 208 2937 rightly
231 2906 312 2928 seen
333 2896 411 2929 that
433 2906 454 2929 a
475 2907 507 2928 v.
530 2896 561 2929 is
582 2897 649 2929 lost
671 2896 786 2929 before
810 2897 905 2934 1085,
926 2896 1038 2928 which
1061 2897 1262 2938 comparing
1284 2907 1319 2930 VI
1341 2898 1404 2931 495
1428 2897 1447 2928 Ι
1469 2897 1580 2930 would
1603 2897 1683 2929 thus

82 2950 205 2991 supply
226 2952 274 2982 Et
297 2961 380 2992 quae
403 2951 443 2984 de
465 2961 581 2992 supero
603 2952 642 2983 in
664 2955 786 2983 terram
808 2953 988 2984 mittuntur
1009 2956 1049 2983 ut
1070 2954 1198 2986 imbres,
