1997 3267
225 156 280 209 56
998 153 1017 192 l

338 261 577 311 concilium,
610 259 724 316 quod
754 259 880 301 inane
912 264 1043 315 queat
1072 273 1214 300 rerum
1248 256 1458 300 cohibere.

337 330 540 372 materies
570 329 717 386 igitur,
748 328 880 370 solido
912 342 1021 383 quae
1053 341 1224 382 corpore
1255 331 1436 376 constat,

336 414 427 442 esse
458 405 634 441 aeterna
663 403 818 454 potest,
848 412 946 438 cum
977 404 1119 438 cetera
1149 396 1450 438 dissoluantur.

337 472 433 509 tum
465 481 589 523 porro
619 467 655 508 si
687 466 748 507 nil
779 471 890 507 esset
922 465 1035 521 quod
1065 465 1192 506 inane
1223 470 1405 513 vocaret,
1744 473 1826 517 520

335 550 460 578 omne
491 536 599 577 foret
629 535 840 586 solidum;
874 534 957 576 nisi
988 540 1134 575 contra
1165 548 1338 588 corpora
1367 538 1484 574 certa

339 610 482 646 essent
513 619 622 660 quae
654 604 745 646 loca
775 604 1039 659 complerent
1070 617 1365 660 quaecumque
1397 607 1608 653 tenerent,

336 689 461 716 omne
491 674 605 730 quod
636 681 712 724 est,
742 674 931 730 spatium
964 689 1147 715 vacuum
1178 679 1393 715 constaret
1424 673 1562 715 inane.

335 743 511 785 alternis
541 744 677 800 igitur
706 744 910 785 nimirum
942 759 1093 800 corpus
1123 744 1241 785 inani

337 811 640 861 distinctumst,
673 813 874 869 quoniam
905 828 983 855 nec
1014 814 1190 869 plenum
1221 813 1389 854 naviter
1420 817 1541 854 extat
1744 821 1822 866 525

335 895 414 923 nec
444 896 567 938 porro
599 897 792 923 vacuum.
853 889 955 924 sunt
987 897 1086 938 ergo
1118 897 1291 938 corpora
1320 888 1436 923 certa

337 965 447 1006 quae
478 950 667 1006 spatium
699 951 824 1006 pleno
855 951 1019 1007 possint
1051 951 1317 1008 distinguere
1349 951 1490 995 inane.

336 1019 439 1061 haec
470 1034 608 1075 neque
640 1019 815 1060 dissolui
846 1020 984 1075 plagis
1014 1020 1278 1061 extrinsecus
1309 1019 1395 1061 icta

334 1095 514 1145 possunt
544 1103 623 1130 nec
653 1104 777 1144 porro
809 1089 982 1144 penitus
1013 1095 1240 1144 penetrata
1271 1089 1410 1130 retexi

334 1172 412 1198 nec
442 1157 607 1199 ratione
639 1164 804 1213 queunt
835 1158 919 1198 alia
950 1164 1165 1213 temptata
1196 1158 1366 1209 labare3
1743 1167 1827 1211 530

334 1226 380 1268 id
409 1227 523 1282 quod
553 1227 639 1268 iam
670 1242 798 1283 supra
828 1228 910 1269 tibi
942 1228 1069 1283 paulo
1100 1228 1366 1269 ostendimus
1396 1232 1508 1270 ante.

334 1310 435 1337 nam
467 1310 605 1352 neque
636 1296 791 1338 conlidi
822 1296 914 1338 sine
947 1297 1063 1337 inani
1095 1311 1216 1351 posse
1250 1296 1421 1338 videtur

335 1365 565 1420 quicquam
597 1380 674 1407 nec
705 1366 844 1421 frangi
874 1380 951 1407 nec
982 1366 1088 1407 findi
1118 1366 1162 1406 in
1193 1366 1296 1407 bina
1326 1366 1506 1407 secando

334 1447 413 1475 nec
443 1448 593 1489 capere
623 1449 815 1475 umorem
846 1449 985 1490 neque
1016 1435 1122 1476 item
1155 1435 1367 1476 manabile
1400 1435 1534 1491 frigus

333 1516 412 1544 nec
441 1503 706 1558 penetralem
736 1503 892 1560 ignem,
924 1504 1081 1559 quibus
1111 1505 1254 1545 omnia
1284 1505 1581 1548 conficiuntur.
1743 1514 1821 1558 535

334 1577 379 1614 et
409 1587 493 1628 quo
525 1588 718 1630 quaeque
750 1574 887 1630 magis
918 1574 1088 1616 cohibet
1119 1590 1186 1615 res
1217 1574 1335 1615 intus
1366 1574 1505 1624 inane,

333 1647 424 1684 tam
455 1643 593 1699 magis
625 1643 690 1685 his
721 1644 848 1685 rebus
878 1644 1053 1699 penitus
1084 1649 1300 1698 temptata
1331 1643 1518 1685 labascit.

334 1727 435 1770 ergo
466 1713 502 1755 si
533 1713 668 1755 solida
697 1728 746 1754 ac
777 1713 866 1754 sine
899 1712 1018 1753 inani
1049 1727 1222 1767 corpora
1253 1711 1391 1767 prima

335 1789 438 1824 sunt
468 1783 532 1824 ita
561 1783 627 1824 uti
659 1782 796 1831 docui,
827 1782 915 1823 sint
948 1782 1052 1823 haec
1083 1788 1258 1822 aeterna
1289 1786 1510 1822 necessest.

335 1858 555 1907 praeterea
586 1851 668 1893 nisi
699 1852 900 1892 materies
930 1862 1106 1892 aeterna
1136 1851 1296 1900 fuisset,
1741 1861 1826 1904 540

332 1921 515 1962 antehac
544 1920 599 1962 ad
629 1920 767 1961 nilum
799 1920 974 1975 penitus
1006 1935 1071 1961 res
1103 1935 1297 1975 quaeque
1328 1919 1541 1961 redissent

333 1990 386 2031 de
416 1989 590 2045 niloque
621 1997 772 2031 renata
803 1989 942 2045 forent
974 2003 1268 2044 quaecumque
1300 1988 1504 2030 videmus.

332 2064 378 2100 at
408 2059 609 2114 quoniam
641 2073 769 2114 supra
799 2058 924 2100 docui
956 2059 1016 2099 nil
1048 2073 1168 2114 posse
1200 2058 1332 2100 creari

331 2127 385 2169 de
415 2128 503 2169 nilo
533 2143 672 2183 neque
705 2128 817 2183 quod
848 2127 1046 2184 genitum
1078 2133 1143 2168 est
1174 2127 1226 2168 ad
1259 2127 1319 2168 nil
1349 2128 1548 2176 revocari,

333 2211 424 2238 esse
457 2197 675 2238 inmortali
706 2196 939 2252 primordia
969 2211 1139 2252 corpore
1171 2196 1343 2246 debent,
1742 2207 1819 2250 545

332 2265 509 2307 dissolui
541 2281 624 2321 quo
656 2281 850 2322 quaeque
882 2280 1081 2321 supremo
1112 2271 1304 2320 tempore
1336 2265 1513 2320 possint,

333 2332 533 2374 materies
565 2338 615 2374 ut
645 2333 894 2388 subpeditet
925 2333 1052 2374 rebus
1083 2332 1341 2387 reparandis.

217 2493 290 2521 stet.
466 2489 528 2520 504
551 2499 659 2520 rerum
683 2491 785 2529 lonqe.
833 2489 915 2529 ‘leg.
942 2490 1034 2529 lonqe
1058 2489 1184 2520 rerum'
1209 2489 1319 2520 Bentl.
1511 2490 1574 2523 517
1597 2492 1697 2522 inane
1721 2496 1822 2532 queat

218 2553 325 2575 rerum
347 2551 456 2575 seems
479 2542 573 2582 quite
594 2543 697 2583 right.
743 2545 843 2575 inane
868 2546 903 2575 in
927 2545 1015 2575 rebu'
1041 2549 1139 2584 queat
1161 2543 1267 2575 Lach.
1322 2548 1441 2575 tectum
1465 2543 1550 2575 Mar.
1576 2544 1652 2576 Ald.
1678 2546 1696 2575 1
1719 2545 1817 2578 Junt.

218 2597 336 2629 Lamb.
357 2596 409 2628 ed.
426 2597 444 2628 1
469 2596 537 2628 and
561 2597 590 2635 2,
610 2607 721 2628 verum
742 2597 842 2630 Bern.
864 2598 916 2629 for
940 2608 1056 2629 rerum.
1189 2598 1252 2629 520
1276 2603 1357 2629 esset
1379 2597 1408 2628 A
1432 2607 1518 2629 corr.
1534 2599 1664 2630 Avanc.
1686 2599 1739 2630 for
1761 2605 1820 2631 est.

217 2653 381 2692 siquidem
396 2652 447 2683 nil
463 2656 510 2683 est
526 2651 618 2683 Nice.
665 2658 799 2684 vocaret
814 2653 843 2683 is
859 2652 918 2684 the
934 2652 990 2684 old
1006 2652 1114 2684 form:
1139 2662 1194 2683 see
1210 2655 1309 2684 notes
1326 2653 1355 2684 2.
1402 2657 1539 2683 vacaret
1554 2652 1660 2683 Laeh.
1758 2653 1822 2684 525

218 2706 466 2745 Distinctumst,
493 2706 651 2746 quoniam
673 2705 791 2736 Lamb.
817 2709 907 2738 most
934 2706 1060 2746 rightly
1084 2707 1137 2737 for
1159 2708 1366 2737 Distinctum
1392 2708 1549 2746 quoniam
1575 2706 1686 2738 which
1711 2706 1819 2739 Lach.

218 2759 348 2790 retains
370 2758 555 2799 beginning
577 2758 636 2790 the
659 2759 816 2799 apodosis
839 2759 923 2791 with
945 2765 1021 2791 sunt
1044 2770 1118 2800 erqo
1142 2759 1179 2790 in
1202 2759 1276 2791 526.
1323 2759 1399 2790 ΑΜ.
1419 2759 1436 2789 1
1460 2758 1531 2790 and
1553 2759 1650 2791 Junt.
1668 2769 1760 2792 seem
1783 2763 1820 2792 to

219 2813 298 2844 take
314 2814 509 2845 distinctum
525 2813 577 2844 for
594 2814 787 2844 distinctum
803 2819 850 2844 est
866 2813 935 2845 and
950 2816 986 2845 to
1002 2813 1213 2845 understand
1229 2813 1288 2845 the
1303 2823 1445 2853 passage
1459 2813 1599 2854 rightly.
1757 2815 1820 2848 527

216 2869 313 2908 pleno
339 2868 424 2899 Mar.
447 2868 523 2899 Ald.
549 2869 567 2899 1
591 2868 661 2900 and
684 2868 781 2899 Junt.
805 2869 858 2899 for
875 2878 995 2909 poena,
1021 2868 1089 2899 and
1112 2870 1211 2900 inane
1236 2869 1287 2899 for
1310 2870 1418 2899 inani.
1534 2869 1597 2899 533
1611 2869 1705 2909 findi
1727 2869 1818 2902 Flor.

220 2922 260 2952 31
276 2921 369 2952 Mon.
386 2921 463 2953 Ver.
480 2922 565 2955 Ven.
583 2922 636 2954 for
645 2923 762 2962 fundi.
894 2923 957 2954 542
974 2933 1035 2963 que
1051 2927 1171 2954 renata
1186 2923 1305 2954 Lamb.
1323 2923 1376 2955 for
1392 2928 1587 2964 quaeranta.
