1997 3267
228 177 285 223 50
998 163 1020 204 Ι

341 273 454 330 quod
485 272 568 315 tibi
597 286 797 328 cognosse
828 270 872 312 in
904 269 1054 311 multis
1087 269 1167 310 erit
1199 268 1307 310 utile
1337 268 1465 309 rebus

341 357 418 384 nec
450 341 562 383 sinet
593 345 808 383 errantem
839 339 1039 380 dubitare
1071 343 1115 379 et
1147 351 1348 393 quaerere
1380 351 1547 392 semper

340 410 394 452 de
425 424 594 451 summa
623 423 767 450 rerum
798 413 843 449 et
873 406 1030 448 nostris
1061 405 1252 447 diffidere
1283 405 1420 447 dictis.

345 489 613 524 QUAPRoP'rER
641 488 766 514 Locus
795 487 865 513 Esr
894 486 1090 512 INTAcrus
1120 486 1246 511 INANE
1274 484 1513 518 VACANSQUE

341 543 456 600 quod
487 543 522 584 si
552 556 639 583 non
669 546 793 590 esset,
823 539 942 581 nulla
972 538 1138 580 ratione
1170 538 1330 580 moveri
1744 547 1822 590 335

340 628 407 655 res
436 616 640 668 possent3
681 623 867 664 namque
899 608 1086 648 officium
1118 607 1230 662 quod
1262 606 1447 662 corporis
1479 611 1635 656 exstat,

340 681 504 722 officere
535 684 666 734 atque
697 677 877 725 obstare,
907 675 952 717 id
981 675 1027 716 in
1058 675 1174 716 omni
1205 681 1397 730 tempore
1427 674 1594 716 adesset

341 749 566 801 omnibus3
605 747 721 789 haud
752 746 888 802 igitur
918 745 1149 800 quicquam
1180 744 1405 800 procedere
1437 749 1591 799 posset,

341 818 599 875 principium
631 816 832 872 quoniam
864 814 1042 856 cedendi
1075 814 1192 855 nulla
1222 814 1344 855 daret
1375 828 1451 855 res.

339 893 386 930 at
416 902 530 929 nunc
560 901 637 942 per
666 885 801 927 maria
830 899 880 926 ac
910 889 1045 926 terras
1075 883 1343 938 sublimaque
1375 881 1482 924 caeli
1745 893 1829 935 340

340 957 479 998 multa
509 955 644 997 modis
676 954 826 995 multis
857 953 974 994 varia
1003 952 1169 994 ratione
1200 952 1360 993 moveri

340 1026 553 1068 cernimus
584 1029 685 1066 ante
718 1023 870 1072 oculos,
902 1037 1023 1078 quae,
1055 1022 1091 1063 si
1121 1037 1206 1063 non
1238 1027 1350 1063 esset
1380 1021 1520 1071 inane,

340 1110 425 1136 non
456 1100 547 1136 tam
578 1092 759 1135 sollicito
789 1097 910 1133 motu
944 1091 1113 1146 privata
1143 1097 1336 1132 carerent

342 1178 470 1219 quam
500 1162 650 1219 genita
679 1160 852 1202 omnino
883 1159 1002 1201 nulla
1032 1159 1198 1200 ratione
1231 1159 1424 1208 fuissent,

341 1233 532 1288 undique
562 1230 764 1272 materies
795 1228 996 1285 quoniam
1029 1228 1191 1283 stipata
1221 1227 1420 1282 quiesset.
1745 1237 1824 1280 345

341 1307 562 1358 praeterea
593 1298 788 1355 quamvis
819 1297 978 1339 solidae
1010 1311 1076 1338 res
1107 1311 1197 1338 esse
1229 1302 1450 1351 putentur,

341 1372 440 1413 hinc
470 1376 616 1411 tamen
648 1382 737 1410 esse
769 1367 869 1408 licet
899 1381 991 1408 raro
1024 1380 1119 1406 cum
1152 1380 1323 1421 corpore
1354 1379 1511 1408 cernaS.

340 1441 386 1483 in
416 1439 529 1482 saxis
559 1453 608 1480 ac
638 1437 852 1493 speluncis
882 1442 1107 1492 permanat
1138 1450 1346 1490 aquarum

339 1509 528 1566 liquidus
558 1522 681 1550 umor
712 1512 756 1548 et
787 1505 989 1548 uberibus
1020 1505 1126 1546 flent
1157 1505 1300 1546 omnia
1330 1504 1478 1560 guttis.

339 1580 519 1636 dissipat
549 1579 594 1621 in
625 1592 775 1633 corpus
806 1591 895 1618 sese
927 1575 1046 1617 cibus
1077 1590 1201 1616 omne
1233 1575 1515 1617 animantum.
1743 1584 1829 1627 350

340 1654 535 1692 crescunt
565 1648 741 1689 arbusta
772 1650 816 1687 et
848 1646 960 1687 fetus
992 1645 1036 1686 in
1069 1650 1261 1699 tempore
1294 1644 1492 1693 fundunt,

339 1717 453 1774 quod
484 1716 604 1758 cibus
634 1715 679 1756 in
710 1720 824 1756 totas
855 1729 990 1770 usque
1022 1714 1076 1754 ab
1109 1713 1323 1754 radicibus
1354 1712 1452 1753 imis

340 1803 415 1843 per
445 1793 617 1829 truncos
647 1800 695 1827 ac
726 1800 802 1840 per
832 1799 972 1825 ramos
1003 1783 1262 1824 diffunditur
1293 1782 1440 1824 omnis.

338 1859 452 1899 inter
482 1862 630 1912 saepta
660 1861 807 1897 meant
839 1869 959 1896 voces
990 1860 1035 1895 et
1065 1853 1209 1895 clausa
1240 1853 1461 1894 domorum

341 1926 657 1974 transvolitant‚
688 1924 873 1980 rigidum
908 1929 1133 1979 permanat
1166 1922 1302 1977 frigus
1332 1922 1386 1963 ad
1419 1936 1523 1969 ossa,
1742 1931 1822 1974 355

340 1994 453 2051 quod
482 1993 566 2035 nisi
596 1993 741 2034 inania
772 1992 870 2041 sint,
903 2006 987 2046 qua
1019 1991 1185 2046 possint
1218 2005 1391 2045 corpora
1422 2003 1618 2045 quaeque

224 2115 322 2144 notes
346 2112 385 2143 2:
418 2111 508 2150 ‘lege
529 2109 688 2141 videndo’
712 2108 824 2141 Bentl.
1029 2108 1092 2140 334
1114 2107 1230 2139 Bentl.
1256 2117 1334 2146 says
1359 2107 1451 2138 ‘dele
1474 2108 1596 2147 vers.‘;
1628 2106 1697 2138 and
1718 2107 1825 2140 Lach.

226 2166 332 2198 shews
353 2165 430 2197 that
451 2174 549 2196 sense
569 2163 639 2196 and
659 2173 830 2203 grammar
850 2172 953 2203 prove
974 2162 1048 2193 him
1069 2165 1104 2194 to
1125 2162 1166 2193 be
1187 2161 1289 2201 right.
1337 2161 1480 2202 Spengel
1500 2161 1537 2192 in
1559 2161 1617 2192 the
1640 2161 1826 2195 Muenchn.

226 2221 298 2254 Gel.
318 2221 404 2252 Anz.
422 2219 490 2252 and
507 2219 622 2251 others
638 2218 680 2250 do
697 2220 758 2249 not
774 2217 877 2250 mend
892 2216 951 2249 the
965 2219 1091 2249 matter
1107 2216 1151 2257 by
1167 2216 1303 2256 placing
1318 2216 1345 2247 it
1361 2216 1449 2247 after
1465 2217 1538 2247 345.

290 2275 352 2307 347
376 2275 453 2305 licet
475 2273 569 2305 Nice.
594 2273 646 2304 for
670 2274 794 2304 liceret.
959 2271 1021 2303 349
1037 2273 1123 2311 flent
1147 2270 1237 2302 Nico.
1257 2271 1344 2310 fient
1366 2270 1443 2301 AB:
1477 2271 1539 2301 386
1555 2271 1635 2311 fiat.
1652 2272 1720 2311 flat
1743 2270 1823 2304 AB:

226 2331 288 2363 372
313 2331 410 2361 alunt
433 2328 513 2359 AB:
545 2328 608 2360 449
635 2329 745 2359 civent
771 2327 852 2358 AB:
888 2327 952 2358 580
978 2328 1110 2358 cit-eant
1137 2326 1216 2357 AB:
1253 2325 1323 2356 this
1351 2325 1530 2356 confusion
1557 2325 1595 2356 of
1623 2326 1635 2356 l
1660 2325 1728 2356 and
1754 2327 1767 2356 i
1793 2324 1824 2357 is

225 2383 412 2426 perpetual.
467 2383 509 2413 In
531 2382 590 2413 the
613 2381 714 2413 small
736 2380 871 2412 Roman
893 2380 1028 2421 capital,
1057 2380 1094 2411 of
1114 2379 1172 2411 the
1195 2379 1369 2410 Medicean
1393 2380 1430 2411 of
1450 2379 1556 2419 Virgil
1578 2379 1630 2410 for
1651 2379 1820 2419 instance,

225 2440 262 2471 in
288 2437 400 2470 which
427 2447 520 2469 some
546 2439 703 2469 ancestor
729 2436 766 2468 of
790 2446 852 2468 our
878 2445 960 2467 mss.
987 2438 1080 2466 must
1107 2435 1192 2466 have
1218 2435 1304 2466 been
1330 2434 1475 2472 written,
1505 2433 1600 2466 these
1626 2434 1741 2465 letters
1767 2443 1824 2466 are
1865 2466 1869 2469 ,

227 2494 320 2526 often
344 2491 689 2532 undistinguishable.
810 2490 873 2523 356
893 2492 1021 2531 possint
1044 2490 1108 2520 Ed.
1133 2490 1185 2521 for
1203 2493 1355 2530 possent:
1388 2489 1430 2528 by
1445 2488 1616 2528 changing
1639 2488 1696 2519 the
1718 2498 1822 2529 pune-

226 2547 361 2581 tuation
384 2547 421 2579 of
441 2547 504 2579 357
526 2546 544 2577 Ι
565 2545 652 2577 have
675 2545 775 2577 made
797 2545 857 2577 the
880 2547 1038 2576 sentence
1062 2545 1155 2583 quite
1177 2543 1284 2584 plain.
1342 2543 1478 2582 Madvig
1499 2542 1632 2574 emend.
1656 2542 1823 2575 Livianae

226 2613 258 2643 p.
286 2603 348 2634 302
372 2611 408 2633 n.
433 2605 575 2641 ‘possem
593 2601 727 2640 possim,
747 2604 858 2640 posset
878 2601 984 2639 possit
1007 2601 1168 2639 perpetuo
1191 2607 1302 2629 errore
1325 2598 1564 2637 permutantur
1575 2596 1594 2634 '‚
1617 2596 1687 2628 and
1709 2607 1742 2637 p.
1759 2597 1823 2629 550

228 2664 236 2677 ⁴
243 2662 387 2700 possent.
435 2654 651 2687 scribendum
676 2656 816 2695 possint.
862 2663 932 2685 non
960 2653 1136 2684 aberratur
1161 2652 1239 2691 fere,
1271 2654 1309 2683 ut
1337 2661 1435 2691 saepe
1461 2651 1542 2688 dixi,
1571 2650 1638 2683 nisi
1665 2651 1723 2682 ubi
1753 2661 1824 2683 una.

227 2712 342 2744 littera
363 2711 492 2742 formae
514 2708 665 2746 distant3
694 2713 775 2740 esset
796 2717 857 2747 pro
878 2710 923 2739 sit
945 2707 1110 2747 scriptum
1131 2715 1203 2737 non
1224 2705 1400 2745 reperias'.
1448 2705 1509 2737 See
1530 2706 1611 2742 2073
1636 2705 1704 2736 and
1719 2705 1824 2737 below

228 2768 290 2800 593
307 2768 369 2799 597
386 2764 455 2797 and
471 2764 544 2801 645,
561 2763 598 2793 in
620 2762 666 2793 all
686 2761 798 2793 which
818 2762 934 2801 places
956 2761 972 2791 Ι
993 2760 1079 2791 have
1099 2760 1234 2791 written
1256 2761 1383 2800 possint
1403 2758 1456 2790 for
1472 2763 1615 2799 possent.
1661 2758 1825 2791 Whether

228 2820 310 2852 with
331 2820 430 2851 Pont.
449 2818 545 2850 Junt.
564 2816 683 2848 Lamb.
704 2815 809 2848 Lach.
830 2818 891 2847 etc.
916 2825 985 2855 you
1005 2816 1193 2854 punctuate
1217 2815 1311 2853 Quod
1331 2824 1363 2846 n.
1388 2815 1413 2844 i.
1434 2815 1513 2853 sint,
1538 2823 1569 2853 q.
1586 2818 1721 2853 possent
1741 2824 1768 2845 c.
1791 2825 1822 2855 q.

231 2874 388 2905 Transire
406 2873 436 2904 h.
456 2882 489 2902 u.
501 2871 532 2911 s.
548 2880 575 2902 r.
595 2880 641 2907 v.‚
659 2879 696 2900 or
711 2868 794 2900 with
816 2868 884 2899 Gis.
903 2867 1027 2899 Creech
1045 2867 1142 2897 Wak.
1159 2870 1221 2898 etc.
1241 2867 1344 2905 Quod,
1364 2875 1396 2898 n.
1416 2867 1439 2897 i.
1459 2875 1486 2896 s.
1503 2876 1534 2905 q.
1552 2875 1589 2905 p.
1606 2875 1632 2898 c.
1653 2875 1685 2905 q.
1703 2866 1823 2898 Trans-

230 2930 290 2965 ire,
308 2928 340 2958 h.
356 2936 388 2958 u.
408 2926 440 2966 f.
459 2935 488 2957 r.
505 2935 549 2964 v.‚
567 2923 604 2954 in
626 2922 734 2955 either
757 2932 831 2954 case
850 2931 918 2962 you
938 2924 994 2961 get
1017 2921 1138 2961 hardly
1153 2930 1326 2961 grammar
1347 2930 1385 2950 or
1409 2929 1525 2951 sense:
1557 2919 1594 2950 'm
1617 2920 1680 2953 357
1701 2919 1731 2951 Β
1755 2922 1824 2953 and
