1997 3267
206 164 263 204 60
1038 159 1059 200 I

320 265 489 307 credere
518 279 640 320 posse
671 264 874 313 animum,
906 264 1047 306 victus
1080 265 1240 305 fateare
1271 270 1487 306 necessest

320 350 410 377 esse
441 349 491 376 ea
522 349 630 389 quae
660 334 791 375 nullis
822 333 908 374 iam
941 333 1137 388 praedita
1167 333 1363 389 partibus
1394 338 1543 375 extent
1718 336 1799 387 625

320 409 364 445 et
394 403 573 443 minima
604 408 801 443 constent
831 408 995 443 natura.
1058 417 1166 457 quae
1198 401 1400 456 quoniam
1431 411 1544 450 sunt,

319 473 393 514 illa
423 486 590 527 quoque
622 486 711 512 esse
742 471 824 512 tibi
855 471 988 512 solida
1018 477 1147 525 atque
1179 476 1354 512 aeterna
1384 471 1617 512 fatendum.

319 541 503 596 denique
534 541 570 582 si
602 540 800 581 minimas
830 540 875 581 in
906 540 1041 595 partis
1072 545 1226 581 cuncta
1256 539 1411 580 resolvi

320 625 467 665 cogere
498 614 741 651 consuesset
771 623 913 650 rerum
945 614 1101 649 natura
1131 608 1330 657 creatrix,

319 679 403 720 iam
434 678 496 719 nil
528 693 579 719 ex
610 677 695 718 illis
727 676 877 718 eadem
909 691 1107 732 reparare
1138 677 1300 717 valeret
1719 676 1806 729 630

319 752 543 802 propterea
573 746 685 801 quia,
717 760 825 800 quae
858 745 988 786 nullis
1019 751 1120 787 sunt
1151 746 1346 801 partibus
1376 751 1514 794 aucta,

318 829 403 855 non
433 821 612 869 possunt
644 828 693 854 ea
724 828 833 868 quae
864 813 993 854 debet
1023 813 1226 869 genitalis
1257 813 1413 854 habere

319 883 529 931 materies,
561 882 698 923 varios
729 897 913 923 conexus
944 882 1133 937 pondera
1163 883 1315 938 plagas

319 966 544 993 concursus
574 957 728 1000 motus,
760 965 835 1006 per
866 965 974 1005 quae
1006 966 1072 992 res
1102 966 1296 1006 quaeque
1327 957 1546 1007 geruntur.

379 1020 649 1075 Quapropter
679 1020 753 1074 qui
784 1019 1007 1060 materiem
1039 1035 1181 1061 rerum
1213 1035 1303 1062 esse
1334 1026 1545 1076 putarunt
1720 1022 1802 1074 635

319 1087 462 1144 ignem
493 1094 623 1143 atque
656 1102 706 1128 ex
738 1088 829 1144 igni
860 1103 1070 1129 summam
1103 1088 1332 1130 consistere
1363 1090 1462 1138 solo,

320 1170 473 1212 magno
504 1171 629 1211 opere
660 1171 686 1197 a
716 1171 816 1197 vera
845 1156 953 1211 lapsi
984 1156 1148 1198 ratione
1180 1157 1393 1199 videntur.

320 1224 565 1266 Heraclitus
595 1224 677 1266 init
708 1240 886 1280 quorum
918 1225 1005 1266 dux
1037 1225 1196 1280 proelia
1226 1226 1401 1281 primus,

319 1293 455 1335 clarus
485 1293 531 1335 ob
561 1293 782 1334 obscuram
815 1293 1007 1348 linguam
1039 1294 1174 1349 inagis
1205 1294 1318 1335 inter
1348 1294 1487 1336 inanis

323 1361 507 1417 quamde
537 1361 679 1417 gravis
709 1362 823 1402 inter
854 1361 1003 1403 Graios
1033 1362 1109 1417 qui
1140 1377 1238 1403 vera
1268 1363 1504 1418 requirunt.
1720 1362 1808 1415 640

321 1431 463 1472 onmia
493 1431 608 1472 enim
640 1431 784 1472 stolidi
816 1431 952 1487 magis
982 1431 1251 1473 admirantur
1281 1438 1524 1487 amantque,

321 1500 498 1540 inversis
529 1514 639 1554 quae
671 1499 750 1540 sub
782 1500 921 1540 verbis
953 1500 1174 1541 latitantia
1205 1506 1398 1550 cernunt,

320 1583 503 1624 veraque
534 1568 804 1610 constituunt
836 1584 944 1624 quae
976 1569 1086 1610 belle
1117 1575 1293 1625 tangere
1324 1575 1504 1625 possunt

319 1639 434 1678 auris
465 1642 509 1678 et
540 1637 681 1692 lepido
712 1652 821 1692 quae
853 1643 953 1678 sunt
985 1638 1128 1679 fucata
1158 1653 1315 1679 sonore.

379 1705 494 1746 Nam
527 1720 602 1746 cur
622 1711 722 1746 -tam
754 1705 894 1747 variae
926 1720 992 1747 res
1023 1706 1187 1761 possint
1218 1721 1307 1748 esse
1338 1707 1518 1762 requir0‚
1721 1706 1803 1758 645

321 1789 373 1816 ex
399 1790 489 1816 -uno
520 1775 554 1815 si
587 1781 687 1816 sunt
718 1775 807 1830 igni
839 1790 1030 1830 puroque
1062 1781 1257 1827 creatae3

320 1843 381 1884 nil
412 1842 631 1898 prodesset
662 1843 777 1884 enim
808 1843 994 1884 calidum
1027 1844 1242 1885 denserier
1272 1845 1417 1900 ignem

320 1925 397 1952 nec
428 1910 625 1959 rarefieri‚
656 1911 692 1952 si
723 1917 867 1966 partes
897 1911 1007 1966 ignis
1039 1912 1218 1953 eandem

320 1986 519 2021 naturam
552 1995 680 2035 quam
712 1986 831 2021 totus
862 1980 993 2021 habet
1024 1995 1153 2036 super
1182 1981 1295 2037 ignis
1326 1981 1546 2023 haberent.

321 2049 455 2090 acrior
484 2049 608 2091 ardor
639 2049 753 2091 enim
785 2050 1006 2091 conductis
1037 2051 1232 2105 partibus
1264 2057 1386 2102 esset,
1721 2051 1808 2102 650

322 2117 562 2173 languidior
592 2132 714 2173 porro
745 2118 935 2159 disiectis
966 2118 1116 2173 disque
1150 2119 1340 2174 supatis:

323 2186 506 2241 amplius
537 2186 616 2227 hoc
647 2186 739 2228 fieri
768 2187 830 2227 nil
862 2192 927 2228 est
959 2187 1076 2242 quod
1106 2202 1227 2242 posse
1258 2187 1388 2228 rearis

321 2256 482 2297 talibus
512 2256 558 2296 in
588 2256 736 2305 causis,
767 2256 927 2297 nedum
960 2256 1172 2297 variantia
1202 2271 1344 2297 rerum

323 2328 446 2364 tanta
475 2329 605 2378 queat
635 2323 778 2365 densis
808 2325 998 2379 rarisque
1030 2339 1081 2365 ex
1112 2324 1284 2380 ignibus
1315 2338 1416 2366 esse.

322 2391 367 2433 id
397 2407 578 2447 quoque,
607 2392 643 2432 si
675 2392 832 2433 faciant
865 2392 1107 2433 admixtum
1138 2392 1264 2433 rebus
1294 2391 1432 2442 inane,
1721 2390 1802 2444 655

323 2459 489 2501 denseri
519 2465 722 2514 poterunt
755 2460 876 2515 ignes
906 2460 1075 2515 rarique
1106 2459 1300 2514 relinqui.

324 2528 398 2569 sed
428 2527 529 2582 quia
559 2528 697 2568 multa
728 2528 809 2569 sibi
840 2534 1021 2569 cernunt
1052 2529 1262 2570 contraria
1292 2528 1410 2569 nasci

210 2649 308 2676 stant.
443 2643 506 2675 634
522 2654 606 2684 quae
621 2654 670 2675 res
688 2644 773 2675 Mar.
791 2645 888 2676 Junt.
907 2645 958 2676 for
974 2655 1057 2685 quas
1073 2655 1134 2676 res.
1268 2644 1330 2676 639
1347 2646 1384 2676 ob
1400 2643 1510 2675 added
1524 2643 1569 2684 by
1583 2643 1715 2677 Festus.

276 2699 337 2730 645
360 2709 418 2730 cur
436 2700 566 2739 possint
589 2708 654 2729 esse
677 2700 896 2738 requiro,...si
917 2705 993 2730 sunt
1014 2699 1077 2731 Ed.
1099 2699 1151 2731 for
1172 2709 1231 2730 cur
1249 2702 1407 2740 possent?
1434 2700 1566 2739 requiro
1587 2701 1668 2730 etc.:
1693 2708 1804 2740 comp.

211 2752 315 2784 above
339 2753 401 2784 356
424 2753 486 2784 593
510 2751 577 2783 and
600 2752 671 2784 597.
830 2752 892 2783 646
915 2762 980 2783 uno
1003 2753 1031 2783 B
1055 2762 1138 2785 corr.
1166 2752 1344 2783 Turnebus
1366 2752 1486 2784 Lamb.
1506 2752 1556 2784 ed.
1583 2754 1612 2792 3,
1630 2752 1736 2784 Lach.
1752 2753 1807 2784 for

210 2816 280 2837 uro.
382 2817 457 2838 vero
472 2807 501 2837 A
517 2816 601 2837 corr.
618 2806 711 2837 Nico.
728 2806 819 2837 Flor.
837 2808 876 2837 31
896 2807 1011 2837 Camb.
1029 2806 1106 2839 Vat.
1123 2807 1241 2838 Lamb.
1262 2806 1315 2838 ed.
1333 2807 1351 2837 1
1368 2806 1437 2838 and
1453 2808 1483 2844 2,
1501 2806 1636 2839 Creeoh.
1743 2806 1806 2840 649

213 2861 364 2891 haberent
379 2860 470 2892 Nico.
492 2860 543 2891 for
559 2861 693 2891 haberet
709 2860 747 2900 A,
768 2861 885 2891 habere
901 2860 929 2890 B
948 2860 1041 2891 Gott.
1188 2861 1248 2892 651
1266 2861 1415 2892 disiectis
1431 2861 1545 2899 disque
1560 2859 1589 2891 A
1609 2869 1693 2892 corr.
1713 2859 1804 2891 Flor.

213 2914 254 2944 30
276 2922 358 2946 corr.
378 2914 430 2945 for
453 2915 676 2953 disiectisque.
809 2913 870 2947 657
894 2916 987 2945 nasci
1010 2913 1074 2946 Ed.
1095 2914 1146 2945 for
1169 2924 1255 2945 muse
1279 2914 1318 2953 A,
1338 2924 1392 2945 mu
1414 2913 1443 2944 B
1467 2913 1560 2945 Gott.
1607 2913 1690 2945 This
1713 2914 1806 2945 word
