1997 3267
249 160 300 210 58
1019 152 1041 193 Ι

360 263 506 305 mollia
535 278 644 319 quae
675 262 797 312 fiunt,
828 276 901 303 aer
931 276 1042 317 aqua
1073 268 1186 302 terra
1217 273 1404 315 vapores,

361 346 444 387 quo
474 337 599 387 pacto
629 331 736 372 fiant
767 335 812 372 et
843 345 928 385 qua
958 329 1001 370 vi
1032 343 1226 384 quaeque
1258 332 1474 384 gerantur,

361 400 603 441 admixtum
634 399 836 455 quoniam
868 398 999 439 semel
1031 403 1095 439 est
1127 397 1172 438 in
1202 396 1329 437 rebus
1360 395 1498 438 inane.

360 475 407 511 at
437 475 584 511 contra
614 470 650 510 si
679 468 826 510 mollia
854 468 942 509 sint
971 466 1204 523 primordia
1232 480 1387 514 rerum,
1769 473 1852 517 570

361 538 476 579 unde
507 543 667 593 queant
697 536 829 577 validi
860 536 998 577 silices
1029 535 1274 590 ferrumque
1305 532 1439 574 creari

360 621 444 647 non
476 606 634 662 poterit
664 605 774 646 ratio
804 604 952 656 reddi3
992 619 1090 644 nam
1124 603 1320 644 funditus
1350 601 1489 643 omnis

362 675 570 731 principio
601 674 872 716 fundamenti
903 679 1058 715 natura
1088 672 1261 714 carebit.

362 750 465 786 sunt
495 744 631 800 igitur
661 742 796 784 solida
826 742 1034 797 pollentia
1064 741 1345 797 simplicitate

362 827 543 868 quorum
575 811 785 852 condenso
817 809 954 866 magis
985 809 1129 851 omnia
1159 809 1389 850 conciliatu
1769 816 1788 858 5
1797 815 1847 859 75

362 882 494 924 artari
525 886 703 936 possunt
734 879 982 935 validasque
1013 878 1237 920 ostendere
1272 878 1380 918 viris.

421 951 548 992 Porro
579 951 615 991 si
646 950 807 991 nullast
838 948 1085 1005 frangendis
1115 948 1283 990 reddita
1315 947 1411 988 finis

363 1020 618 1076 corporibus,
650 1025 795 1060 tamen
827 1032 880 1059 ex
911 1023 1085 1059 aeterno
1116 1022 1308 1072 tempore
1339 1030 1535 1071 quaeque

362 1103 476 1130 nunc
507 1088 639 1129 etiam
669 1101 868 1142 superare
901 1091 1114 1127 necessest
1145 1100 1318 1140 corpora
1349 1085 1489 1134 rebus,

363 1172 473 1213 quae
503 1156 694 1198 nondum
726 1155 898 1197 clueant
930 1155 1016 1196 ullo
1049 1160 1263 1209 temptata
1293 1153 1462 1209 periclo.
1771 1154 1855 1205 580

363 1233 409 1268 at
439 1226 641 1281 quoniam
672 1224 813 1281 fragili
842 1230 998 1265 natura
1028 1224 1223 1280 praedita
1253 1228 1463 1274 constant,

366 1296 577 1351 discrepat
609 1300 833 1336 aeternum
865 1300 1038 1349 tempus
1068 1293 1260 1349 potuisse
1291 1306 1463 1334 manere

365 1363 751 1406 innumerabilibus
782 1362 920 1418 plagis
951 1367 1107 1403 vexata
1137 1377 1212 1417 per
1243 1376 1402 1402 aevom.

365 1433 550 1488 denique
581 1432 667 1473 iam
699 1431 899 1486 quoniam
932 1430 1172 1485 generatim
1205 1429 1376 1471 reddita
1406 1429 1504 1470 finis

365 1501 580 1543 crescendi
610 1500 738 1542 rebus
768 1506 936 1541 constat
967 1499 1188 1554 vitamque
1220 1497 1408 1547 tenendi,
1772 1502 1848 1553 585

365 1577 409 1612 et
440 1569 543 1625 quid
574 1584 767 1625 quaeque
799 1574 960 1624 queant
990 1584 1066 1624 per
1097 1568 1265 1609 foedera
1296 1567 1478 1615 naturai,

365 1639 470 1694 quid
500 1653 622 1694 porro
653 1644 882 1693 nequeant,
912 1637 1124 1678 sancitum
1157 1636 1502 1692 quandoquidem
1534 1642 1666 1686 extat,

366 1723 443 1749 nec
474 1712 764 1748 commutatur
795 1706 1036 1761 quicquam,
1067 1705 1171 1760 quin
1204 1704 1347 1745 omnia
1383 1712 1579 1745 constant

365 1791 501 1831 usque
532 1776 648 1825 adeo,
678 1774 820 1816 variae
851 1775 1042 1815 volucres
1074 1780 1123 1815 ut
1154 1773 1200 1814 in
1231 1773 1377 1814 ordine
1410 1782 1589 1816 cunctae

367 1844 596 1886 ostendant
627 1843 814 1884 maculas
844 1843 1056 1899 generalis
1088 1858 1259 1898 corpore
1290 1842 1442 1892 inesse,
1772 1856 1856 1899 590

366 1912 626 1954 inmutabili'
657 1911 863 1953 materiae
894 1925 1062 1966 quoque
1094 1925 1245 1966 corpus
1277 1910 1434 1952 habere

367 1982 528 2024 debent
558 1981 773 2022 nimirum.
834 1995 934 2021 nam
965 1982 1001 2022 si
1031 1980 1266 2035 primordia
1296 1995 1439 2020 rerum

368 2050 623 2093 commutari
653 2050 797 2105 aliqua
826 2049 992 2105 possint
1022 2049 1188 2090 ratione
1220 2048 1392 2097 revicta,

367 2120 579 2161 incertum
611 2133 778 2174 quoque
809 2118 895 2159 iam
926 2123 1092 2159 constet
1123 2117 1222 2173 quid
1257 2117 1391 2172 possit
1423 2117 1533 2166 oriri,

369 2189 472 2244 quid
503 2192 700 2243 nequeat,
731 2186 856 2227 finita,
883 2192 1076 2242 potestas
1107 2185 1291 2240 denique
1324 2185 1477 2241 cuique
1773 2197 1850 2241 595

370 2271 556 2312 quanam
587 2255 643 2297 sit
673 2255 838 2296 ratione
869 2261 998 2310 atque
1029 2254 1115 2295 alte
1146 2254 1356 2295 terminus
1387 2254 1577 2303 haerens,

255 2380 334 2421 glad
356 2382 393 2412 to
416 2388 472 2410 see
494 2378 557 2409 has
580 2378 685 2409 fallen
709 2387 753 2408 on
777 2377 836 2408 the
860 2387 953 2408 same
976 2376 1063 2417 conj.
1087 2375 1354 2416 independently
1378 2375 1415 2407 of
1443 2385 1510 2412 me,
1534 2385 1571 2407 as
1599 2375 1641 2407 he
1667 2377 1784 2409 makes
1810 2389 1856 2411 no

255 2434 411 2466 mention
433 2443 517 2464 even
541 2432 577 2463 of
596 2441 655 2472 my
677 2431 728 2463 ed.
754 2431 791 2462 of
813 2432 925 2470 1860.]
970 2429 1076 2461 Lach.
1101 2433 1181 2470 puts
1204 2429 1267 2460 568
1291 2430 1378 2460 after
1401 2430 1474 2468 585,
1501 2429 1609 2461 where
1633 2429 1660 2461 it
1680 2430 1709 2462 is
1732 2431 1856 2473 wholly

256 2494 316 2521 out
333 2489 369 2520 of
388 2488 507 2528 place;
528 2487 642 2518 Bentl.
659 2487 761 2526 ejects
783 2486 810 2517 it
823 2498 832 2525 3
861 2486 946 2516 Mar.
963 2485 1032 2517 and
1054 2485 1148 2516 Junt.
1175 2484 1257 2516 read
1271 2485 1364 2524 fiunt
1386 2483 1453 2515 and
1474 2490 1651 2523 aeratam-3
1681 2485 1750 2517 and
1764 2487 1857 2526 fiant

255 2544 293 2575 in
317 2543 391 2575 567.
436 2541 557 2572 Lamb.
574 2540 699 2572 Creech
721 2543 783 2572 etc.
804 2549 939 2579 cumque
961 2544 1139 2579 qerantur:
1168 2538 1214 2569 all
1235 2537 1434 2578 corrupting
1456 2537 1513 2569 the
1535 2541 1606 2569 text
1627 2538 1696 2569 and
1717 2539 1858 2580 making

256 2596 435 2629 Lucretius
451 2597 558 2627 assert
573 2595 632 2626 the
648 2594 774 2626 absurd
788 2594 912 2625 truism
928 2593 1005 2625 that
1022 2594 1067 2625 all
1083 2593 1198 2633 things
1214 2592 1326 2623 which
1341 2593 1384 2624 do
1399 2593 1535 2624 become
1551 2593 1618 2623 soit
1635 2603 1699 2624 ean
1722 2593 1857 2626 become

259 2652 335 2684 soft.
469 2650 531 2682 578
548 2659 705 2690 quaeque.
751 2650 914 2689 quaedam
929 2647 1048 2680 Lamb.
1069 2647 1137 2679 and
1153 2646 1257 2679 Lach.
1407 2647 1469 2677 585
1492 2648 1658 2678 crescendi
1674 2647 1751 2679 Ver.
1769 2648 1852 2680 Ven.

258 2706 310 2737 for
325 2705 515 2737 crescendis.
660 2703 722 2733 588
738 2707 954 2733 commutatur
968 2702 996 2732 B
1013 2711 1098 2733 corr.
1116 2701 1208 2732 Nico.
1225 2700 1278 2731 for
1293 2701 1478 2732 comitatur.
1529 2705 1692 2731 constant.
1710 2707 1857 2733 constent

257 2758 362 2791 Lach.
481 2757 543 2789 591
559 2756 763 2788 inmutabili'
779 2755 884 2786 Lach.
903 2755 977 2786 first
992 2755 1045 2786 for
1060 2755 1283 2786 inmutabiles-
1328 2754 1524 2784 inmutabile
1540 2753 1631 2784 Flor.
1650 2754 1690 2784 31
1705 2754 1796 2786 Flor.
1815 2755 1857 2786 30

258 2824 344 2845 corr.
360 2812 460 2852 vulgo
481 2810 650 2850 absurdly.
787 2811 848 2842 593
873 2810 940 2840 and
965 2810 1026 2842 597
1045 2810 1176 2849 possint
1199 2808 1262 2840 Ed.
1291 2808 1342 2839 for
1358 2813 1493 2848 possent
1505 2820 1514 2847 3
1542 2807 1652 2839 which
1675 2813 1797 2840 constet
1820 2809 1856 2840 in

260 2867 322 2899 594
337 2875 457 2906 proves
473 2866 508 2896 to
523 2864 563 2896 be
578 2872 774 2904 necessary:
799 2873 854 2894 see
871 2863 933 2894 356
949 2862 1018 2894 and
1033 2865 1113 2894 note
1130 2862 1244 2893 there:
1269 2861 1350 2892 here
1365 2863 1422 2892 too
1439 2863 1568 2902 possint
1583 2861 1688 2901 easily
1703 2861 1858 2894 becomes

255 2925 397 2962 possent,
414 2918 546 2959 though
562 2922 685 2949 constet
702 2917 783 2949 does
799 2920 860 2949 not
874 2927 955 2957 pass
969 2917 1044 2948 into
1059 2921 1224 2948 constaret
1239 2926 1276 2947 so
1291 2915 1428 2956 readily.
