1997 3267
189 210 248 249 44
985 197 1007 238 I

305 305 509 347 terrificet
541 306 687 347 morbo
717 305 908 355 adfectis,
941 320 1174 361 somnoque
1206 305 1398 361 sepultis,

305 388 476 416 cernere
506 375 574 415 uti
604 374 827 416 videamur
857 389 928 416 eos
958 374 1194 429 audireque
1227 390 1380 425 coram,

305 449 442 485 morte
473 444 591 485 obita
621 459 801 499 quorum
833 444 966 485 tellus
997 444 1274 499 amplectitur
1304 458 1406 485 ossa.
1716 454 1792 499 135

304 528 382 554 nec
414 528 481 555 me
512 513 645 554 animi
677 513 786 554 fallit
818 513 1043 555 Graiorum
1075 514 1253 555 obscura
1283 519 1454 569 reperta

305 582 477 623 difficile
508 582 736 624 inlustrare
769 582 936 624 Latinis
966 583 1159 624 versibus
1191 597 1292 632 esse,

305 651 444 692 multa
473 651 592 693 novis
623 652 763 693 verbis
793 652 1045 707 praesertim
1077 667 1174 693 cum
1206 652 1263 693 sit
1294 651 1511 708 agendum

305 726 479 775 propter
510 726 746 777 egestatem
778 721 951 777 linguae
983 726 1028 762 et
1057 736 1201 762 rerum
1232 720 1496 773 novitatem3

306 787 380 829 sed
410 794 486 829 tua
517 803 585 829 me
617 789 754 830 virtus
785 795 931 830 tamen
963 794 1007 830 et
1038 794 1207 843 sperata
1238 789 1435 844 voluptas
1716 801 1797 841 140

305 858 448 900 suavis
478 858 694 900 amicitiae
727 857 920 913 quemvis
951 859 1127 900 sufferre
1159 858 1347 899 laborem

304 927 456 968 suadet
487 933 531 968 et
561 926 728 968 inducit
758 933 905 967 noctes
936 926 1113 983 vigilare
1143 941 1313 968 serenas

304 1002 581 1051 quaerentem
613 995 741 1037 dictis
773 995 928 1051 quibus
959 1002 1003 1036 et
1035 1010 1118 1051 quo
1149 995 1337 1036 carmine
1369 994 1544 1036 demum

305 1065 417 1105 clara
448 1070 548 1105 tuae
580 1064 737 1119 possim
768 1063 1058 1119 praepandere
1091 1064 1255 1105 lumina
1287 1065 1436 1113 menti,

304 1148 371 1174 res
402 1133 558 1189 quibus
589 1133 775 1174 occultas
805 1133 979 1188 penitus
1010 1133 1227 1175 convisere
1259 1134 1401 1189 possis.
1715 1143 1790 1188 145

364 1201 492 1242 Hunc
523 1201 658 1256 igitur
689 1207 892 1242 terrorem
924 1201 1058 1242 animi
1089 1201 1373 1257 tenebrasque
1404 1206 1617 1244 necessest

304 1285 389 1311 non
420 1269 528 1310 radii
559 1269 657 1310 solis
688 1284 827 1324 neque
859 1269 1001 1310 lucida
1032 1269 1119 1311 tela
1150 1270 1236 1311 diei

303 1338 549 1388 discutiant,
581 1338 653 1379 sed
684 1344 864 1379 naturae
895 1338 1057 1393 species
1087 1338 1293 1394 ratioque.

304 1407 563 1463 principium
594 1407 716 1448 cuius
747 1407 846 1448 hinc
877 1407 998 1448 nobis
1031 1407 1203 1448 exordia
1234 1412 1390 1458 sumet,

303 1476 467 1517 nullam
497 1490 587 1517 rem
619 1490 641 1517 e
673 1475 760 1516 nilo
790 1475 912 1532 gigni
942 1475 1150 1516 divinitus
1181 1491 1397 1531 umquam.
1714 1487 1796 1530 150

304 1545 464 1601 quippe
495 1544 558 1586 ita
588 1544 766 1585 formido
797 1544 987 1585 mortalis
1019 1544 1210 1586 continet
1241 1545 1391 1596 omnis,

304 1613 417 1669 quod
448 1612 586 1653 multa
615 1612 661 1653 in
692 1612 817 1653 terris
848 1612 940 1653 fieri
971 1613 1171 1668 caeloque
1203 1618 1385 1654 tuentur

304 1697 484 1738 quorum
516 1696 691 1737 operum
723 1696 871 1723 causas
901 1682 1021 1722 nulla
1050 1682 1214 1723 ratione
1248 1682 1389 1724 videre

302 1757 482 1808 possunt
511 1766 560 1792 ac
590 1751 681 1792 fieri
711 1751 856 1792 divino
886 1750 1064 1792 numine
1094 1756 1253 1793 rentur.

196 1822 274 1873 156
304 1835 409 1875 quas
440 1820 493 1861 ob
523 1835 590 1861 res
621 1819 696 1860 ubi
727 1819 960 1861 viderimus
991 1819 1051 1860 nil
1083 1834 1205 1875 posse
1237 1805 1370 1861 creari
1714 1829 1788 1873 155

304 1889 357 1931 de
387 1889 485 1939 nilo,
516 1894 611 1930 tum
644 1888 757 1943 quod
788 1888 1008 1943 sequimur
1038 1889 1125 1930 iam
1155 1889 1315 1930 rectius
1346 1888 1445 1930 inde

303 1957 622 2013 perspiciemus,
653 1962 697 1998 et
728 1957 841 1998 unde
873 1962 1003 2012 queat
1034 1972 1101 1998 res
1132 1972 1327 2013 quaeque
1358 1956 1492 1998 creari

195 2037 268 2079 155
304 2033 348 2068 et
379 2041 464 2081 quo
495 2041 689 2081 quaeque
721 2026 845 2067 modo
876 2026 983 2068 fiant
1015 2041 1143 2082 opera
1174 2026 1265 2068 sine
1297 2026 1450 2069 divom.

196 2106 275 2150 159
363 2096 478 2137 Nam
509 2096 545 2137 si
575 2095 628 2137 de
659 2095 746 2136 nilo
776 2095 940 2145 fierent,
972 2111 1023 2137 ex
1055 2095 1243 2137 omnibu'
1274 2096 1403 2137 rebus

304 2179 428 2206 omne
458 2179 595 2221 genus
625 2164 742 2205 nasci
772 2170 927 2219 posset,
956 2165 1018 2205 nil
1050 2165 1212 2206 semine
1243 2170 1401 2221 egeret.
1711 2165 1793 2208 160

304 2249 328 2277 e
357 2249 473 2275 mare
504 2234 691 2289 primum
722 2234 927 2283 homines,
959 2249 981 2276 e
1013 2240 1127 2276 terra
1156 2239 1300 2289 posset
1331 2233 1431 2275 oriri

303 2302 621 2359 squamigerum
651 2317 788 2359 genus
819 2309 863 2343 et
893 2302 1083 2344 volucres
1114 2317 1337 2358 erumpere
1368 2302 1507 2352 caelo;

304 2377 500 2412 armenta
529 2377 659 2426 atque
691 2371 799 2412 aliae
829 2371 1026 2426 pecudes,
1056 2385 1193 2427 genus
1225 2385 1349 2412 omne
1380 2371 1578 2420 ferarum,

303 2439 465 2481 incerto
494 2446 622 2495 partu
653 2440 770 2481 culta
799 2454 848 2481 ac
878 2439 1047 2481 deserta
1077 2444 1286 2482 tenerent.

193 2598 369 2639 coepisset.
470 2598 532 2628 130
557 2601 624 2628 tum
639 2596 729 2628 Flor.
746 2598 786 2628 25
803 2597 872 2628 and
889 2598 928 2629 31
947 2597 1064 2629 Camb.
1081 2607 1114 2639 p.
1131 2607 1176 2630 m.
1196 2597 1279 2630 Mar.
1297 2597 1351 2629 for
1367 2603 1456 2631 tunc.
1557 2598 1619 2630 141
1643 2600 1789 2640 quemvis

189 2654 324 2692 sufferre
342 2651 432 2684 Flor.
454 2652 494 2682 32
516 2651 552 2682 in
573 2651 719 2690 margin,
741 2651 906 2683 Heinsius
927 2651 964 2683 in
985 2661 1049 2683 ms.
1071 2654 1178 2691 notes,
1200 2651 1270 2684 and
1288 2652 1397 2684 Faber
1419 2653 1472 2684 for
1493 2655 1639 2694 quemvis
1663 2656 1787 2695 efferre.

190 2707 252 2747 [So
274 2706 420 2747 perhaps
443 2706 510 2738 Cic.
535 2705 632 2746 epist.
654 2715 719 2736 VIII
741 2707 758 2736 1
781 2707 800 2736 2
821 2716 869 2737 we
891 2706 1014 2738 should
1036 2706 1117 2738 read
1136 2716 1294 2738 sermones
1317 2709 1518 2747 suppressit:
1543 2709 1704 2748 expressit
1726 2708 1788 2750 M.]

190 2760 292 2792 Dion.
307 2761 381 2792 Cat.
393 2760 528 2791 distich.
540 2769 582 2791 111
599 2760 618 2791 6
632 2759 696 2791 has
713 2762 858 2800 quemvis
871 2771 906 2791 su
904 2761 1007 2801 fferre
1025 2761 1174 2800 laborem,
1187 2760 1334 2801 perhaps
1345 2761 1450 2793 taken
1462 2761 1551 2793 from
1563 2761 1644 2795 this.
1723 2763 1784 2795 155

189 2816 296 2847 -158
314 2816 397 2846 Mar.
416 2815 511 2846 Junt.
528 2814 598 2846 and
613 2814 747 2854 margin
764 2815 801 2845 of
815 2814 932 2848 Camb.
946 2815 1033 2847 have
1048 2815 1145 2847 these
1160 2826 1209 2847 vs.
1222 2815 1259 2847 in
1272 2815 1364 2856 right
1379 2816 1487 2853 order,
1501 2816 1571 2848 and
1586 2822 1618 2848 et
1634 2817 1686 2849 for
1700 2823 1740 2849 ut
1750 2818 1788 2850 in

191 2870 264 2902 157.
289 2869 459 2900 Avancius
469 2874 509 2908 et,
519 2868 588 2900 and
599 2870 634 2900 at
644 2868 710 2900 end
721 2869 757 2899 of
763 2868 818 2900 his
828 2868 957 2900 edition
968 2869 1004 2900 of
1013 2869 1136 2902 Catuu.
1153 2870 1236 2901 1502
1246 2869 1310 2901 has
1321 2869 1412 2910 right
1419 2870 1527 2902 order.
1552 2876 1584 2902 et
1593 2871 1693 2903 Pont.
1701 2872 1787 2905 also.

255 2922 426 2953 161-164
456 2931 513 2953 are
543 2921 671 2961 rightly
701 2921 782 2952 thus
813 2921 1024 2962 punctuated
1053 2922 1097 2963 by
1127 2922 1234 2954 Lach.
1279 2922 1296 2954 I
1326 2923 1398 2955 find
1428 2923 1581 2956 however
1611 2924 1702 2956 from
1730 2924 1787 2957 his

191 2975 290 3016 proof
313 2975 426 3008 sheets
452 2975 530 3007 that
556 2974 646 3007 until
675 2975 735 3007 the
765 2975 848 3007 final
873 2975 1023 3008 revision
1050 2975 1094 3008 he
1119 2976 1188 3008 had
1213 2976 1297 3009 with
1323 2977 1421 3009 Wak.
1450 2980 1512 3018 put
1542 2988 1563 3011 a
1594 2981 1672 3019 stop
1699 2980 1788 3012 after
