1997 3267
921 171 983 212 iv
1682 173 1756 224 165

277 296 375 322 nam
406 295 556 335 neque,
588 279 655 321 uti
687 279 859 329 vitrum,
890 279 1002 334 potis
1034 285 1100 320 est
1131 279 1325 328 transire,
1356 294 1491 334 neque
1523 285 1666 321 autem

275 349 435 400 scindi3
476 363 603 404 quam
635 347 834 388 meminit
864 347 980 389 levor
1009 352 1224 402 praestare
1256 347 1448 390 salutem.

277 426 536 476 quapropter
565 420 616 461 fit
646 425 696 460 ut
727 419 826 460 hinc
856 418 978 460 nobis
1009 419 1234 460 simulacra
1264 417 1515 460 redundent.

275 495 321 531 et
351 489 549 544 quamvis
579 488 721 530 subito
753 487 902 544 quovis
932 488 977 528 in
1008 493 1200 543 tempore
1231 502 1445 543 quamque
1684 496 1758 539 155

275 572 364 599 rem
397 563 543 598 contra
573 556 794 612 speculum
825 570 968 611 ponas,
999 561 1176 610 apparet
1207 556 1372 611 imag03

277 632 487 681 perpetuo
519 625 651 666 fluere
683 630 732 666 ut
764 639 911 665 noscas
943 639 965 665 e
997 638 1168 679 corpore
1200 638 1366 665 summo

278 687 483 736 texturas
503 708 644 735 rerum
677 693 821 734 tenuis
853 692 1082 748 tenuisque
1114 693 1282 749 figuras.

279 778 379 819 ergo
410 763 548 804 multa
578 762 697 804 brevi
728 761 867 817 spatio
898 761 1125 803 simulacra
1154 767 1383 816 genuntur,

279 835 328 870 ut
360 829 513 870 merito
544 829 654 869 celer
685 828 751 869 his
782 827 908 869 rebus
939 827 1107 868 dicatur
1137 828 1263 883 origo.
1685 829 1765 869 160

278 904 322 939 et
354 897 475 952 quasi
508 897 645 938 multa
675 896 794 937 brevi
825 896 964 951 spatio
994 895 1265 937 summittere
1297 895 1425 937 debet

279 965 444 1006 lumina
474 965 534 1006 sol
565 970 616 1006 ut
647 970 855 1020 perpetuo
886 964 972 1006 sint
1004 964 1147 1005 omnia
1177 964 1314 1019 plena,

278 1032 338 1072 sic
369 1032 422 1072 ab
454 1032 580 1072 rebus
611 1031 716 1072 item
748 1031 878 1072 simili
909 1031 1073 1072 ratione
1105 1035 1317 1072 necessest

279 1100 484 1155 temporis
515 1100 560 1140 in
591 1106 751 1154 puncto
781 1114 923 1140 rerum
956 1099 1181 1140 simulacra
1212 1100 1403 1140 ferantur

278 1167 415 1208 multa
448 1166 583 1208 modis
614 1166 763 1207 multis
794 1166 837 1206 in
870 1171 1045 1207 cunctas
1076 1165 1267 1221 undique
1298 1166 1459 1220 partis;
1686 1164 1760 1216 165

279 1233 624 1289 quandoquidem
657 1233 876 1288 speculum
910 1247 1178 1288 quocumque
1209 1232 1475 1273 obvertimus
1505 1231 1598 1280 oris,

278 1316 344 1343 res
375 1302 436 1342 ibi
466 1302 724 1357 respondent
754 1301 884 1343 simili
916 1301 1049 1342 forma
1079 1307 1210 1356 atque
1241 1301 1387 1342 colore.

280 1377 502 1427 praeterea
533 1371 654 1411 modo
685 1386 782 1412 cum
815 1371 944 1412 fuerit
975 1370 1258 1426 liquidissima
1289 1369 1395 1411 caeli

281 1445 526 1495 tempestas,
558 1454 763 1495 perquam
795 1440 939 1481 subito
970 1439 1020 1480 fit
1051 1438 1225 1481 turbida
1255 1438 1387 1489 foede,

280 1508 469 1564 undique
500 1508 567 1549 uti
599 1509 798 1550 tenebras
829 1509 966 1550 omnis
997 1508 1249 1550 Acherunta
1279 1507 1409 1549 rearis
1686 1517 1766 1558 170

280 1578 454 1633 liquisse
486 1583 531 1619 et
562 1592 738 1633 magnas
769 1578 875 1619 caeli
907 1579 1138 1634 complesse
1170 1593 1380 1620 cavernas.

280 1662 414 1702 usque
445 1647 551 1688 adeo
582 1652 722 1688 taetra
751 1647 995 1688 nimborum
1027 1653 1152 1688 nocte
1183 1653 1328 1688 coorta

280 1715 515 1770 inpendent
546 1720 664 1756 atrae
696 1715 934 1756 formidinis
964 1730 1036 1756 ora
1067 1730 1272 1770 superne;

281 1797 463 1838 quorum
494 1783 702 1837 quantula
732 1797 829 1838 pars
859 1783 916 1824 sit
947 1783 1086 1838 imago
1117 1783 1256 1824 dicere
1287 1788 1453 1825 nemost

283 1851 357 1908 qui
388 1850 522 1906 possit
552 1865 690 1906 neque
723 1866 816 1892 eam
848 1851 1058 1893 rationem
1089 1852 1264 1893 reddere
1295 1852 1430 1893 dictis.
1689 1861 1761 1903 175

341 1921 469 1961 Nunc
500 1935 591 1976 age,
622 1935 751 1975 quam
782 1920 910 1961 celeri
941 1926 1061 1962 motu
1094 1921 1318 1962 simulacra
1348 1922 1538 1962 ferantur

282 1995 327 2032 et
357 2004 466 2045 quae
498 1989 714 2030 mobilitas
745 1989 840 2030 ollis
870 1990 1143 2031 tranantibus
1173 2005 1296 2031 auras

280 2059 450 2101 reddita
479 2059 549 2108 sit,
579 2059 705 2115 longo
735 2059 873 2114 spatio
905 2064 955 2100 ut
986 2059 1126 2100 brevis
1157 2059 1258 2100 hora
1288 2064 1466 2108 teratur,

280 2129 327 2171 in
357 2144 485 2185 quem
516 2143 710 2184 quaeque
742 2129 878 2170 locum
912 2129 1077 2170 diverso
1108 2129 1284 2170 numine
1316 2128 1514 2177 tendunt,

283 2198 512 2249 suavidicis
542 2198 687 2254 potius
718 2212 846 2253 quam
879 2198 1029 2239 multis
1059 2197 1251 2239 versibus
1282 2197 1431 2249 edam3
1686 2198 1766 2238 180

282 2283 438 2324 parvus
468 2274 518 2309 ut
549 2273 614 2309 est
646 2267 766 2323 cycni
797 2267 946 2308 melior
976 2281 1111 2316 canor,
1142 2267 1214 2307 ille
1244 2281 1400 2323 gruum
1431 2281 1559 2322 quam

284 2339 441 2380 clamor
470 2338 516 2379 in
546 2337 751 2379 aetheriis
782 2337 998 2393 dispersus
1029 2336 1217 2378 nubibus
1246 2336 1392 2378 austri.

282 2409 491 2466 principio
521 2423 723 2464 persaepe
754 2408 859 2450 levis
889 2423 954 2449 res
985 2413 1116 2463 atque
1147 2407 1326 2449 minutis

283 2478 527 2534 corporibus
558 2479 691 2519 factas
723 2477 869 2519 celeris
900 2478 1000 2519 licet
1031 2491 1121 2518 esse
1152 2476 1307 2518 videre.

168 2626 242 2658 602.
375 2626 437 2656 152
448 2627 539 2665 potis
554 2630 601 2657 est
617 2624 722 2656 Lach.
740 2625 793 2656 for
803 2630 952 2665 possunt.
993 2629 1114 2655 antem.
1132 2629 1208 2655 ante
1227 2623 1319 2655 Mon.
1333 2623 1415 2655 Ven.
1431 2621 1499 2654 and
1514 2622 1620 2653 hence
1639 2620 1764 2651 Avanc.

168 2680 266 2711 Junt.
283 2679 350 2711 and
366 2679 411 2710 all
427 2679 496 2710 eds.
516 2679 627 2711 before
644 2679 747 2711 Lach.
927 2679 989 2711 159
1008 2683 1172 2718 gyenuntur
1192 2677 1312 2709 Lamb.
1331 2678 1383 2708 for
1401 2681 1584 2717 ,qm-untur:
1608 2675 1688 2706 here
1709 2676 1765 2706 too

168 2744 188 2766 a
212 2743 389 2773 necessary
412 2733 612 2764 correction.
790 2733 852 2766 167
875 2733 939 2764 Res
961 2734 1010 2764 ibi
1031 2733 1060 2763 A
1081 2732 1150 2764 and
1165 2734 1256 2763 most
1272 2741 1355 2763 mss.
1373 2731 1441 2763 and
1457 2730 1526 2763 eds.
1575 2730 1639 2761 Res
1655 2731 1720 2760 sibi
1737 2729 1765 2759 B

169 2787 287 2818 Camb.
304 2786 389 2819 Ven.
408 2786 520 2818 which
541 2785 647 2817 Lach.
664 2785 784 2817 thinks
801 2790 808 2804 ‘
820 2785 918 2816 unice
940 2794 1058 2816 verum
1069 2784 1088 2816 ’.
1134 2785 1199 2815 Res
1223 2785 1285 2816 tibi
1310 2784 1378 2815 Gif.
1553 2782 1615 2815 178
1639 2786 1767 2813 teratur

169 2841 270 2872 Pont.
287 2841 384 2872 Junt.
405 2843 497 2872 most
520 2840 679 2881 properly
705 2840 758 2871 for
775 2841 924 2880 seratur.
1015 2840 1076 2872 179
1105 2840 1243 2870 tendunt
1268 2838 1390 2872 Lamb.
1416 2838 1469 2869 for
1496 2838 1614 2869 tendit.
1659 2835 1764 2867 Lach.

168 2897 249 2936 puts
263 2894 334 2926 this
349 2905 445 2926 verse
465 2894 552 2926 after
573 2895 646 2934 175,
667 2894 807 2934 reading
829 2895 955 2932 tendat,
972 2893 1042 2926 and
1059 2895 1196 2925 momine
1218 2894 1270 2925 for
1290 2895 1424 2925 numine
1448 2891 1531 2923 with
1552 2891 1638 2922 Mar.
1656 2890 1764 2928 June,

169 2958 190 2980 a
209 2947 338 2988 change
356 2947 468 2980 which
483 2948 501 2979 Ι
517 2958 573 2979 am
594 2958 670 2979 now
690 2951 752 2980 not
772 2947 924 2979 inclined
947 2949 983 2979 to
1005 2947 1179 2987 acquiesce
1201 2947 1261 2980 in:
1286 2957 1340 2978 see
1365 2957 1392 2978 11
1417 2947 1489 2984 632,
1507 2945 1576 2977 and.
1597 2945 1766 2985 Epicurus
