1997 3267
897 218 961 260 VI
1640 236 1722 279 ‘⁷59

228 328 332 384 quin
365 328 496 370 etiam
528 328 628 370 solis
658 329 711 370 de
744 328 906 370 lumine
939 328 1077 370 multa
1108 337 1322 372 ncccsscst

227 397 458 452 concipere,
490 403 540 438 ut
570 397 724 439 merito
754 396 938 438 rubeant
969 397 1174 453 ignesque
1206 399 1477 454 profundant.
1638 415 1721 444 210

229 466 353 508 hasce
385 466 520 523 igitur
550 482 645 508 cum
680 473 834 508 ventus
865 481 996 522 agens
1027 468 1238 509 contrusit
1270 469 1314 510 in
1346 485 1479 511 unuln

229 537 564 592 compressitque
597 537 736 578 locum
768 551 933 591 cogens,
965 552 1164 592 expressa
1194 539 1460 594 profundunt

229 605 394 646 semina
425 620 533 660 quac
567 605 730 647 faciunt
761 605 959 646 flammae
993 606 1154 661 fulgore
1186 608 1354 650 colores.

231 674 359 731 fulgit
391 674 508 723 itcm,
539 689 636 715 cum
669 680 888 715 rarescunt
920 689 1089 730 quoque
1121 676 1269 717 nubila
1300 677 1416 719 caeli.

230 758 329 785 nam
362 758 458 785 cum
491 749 644 785 ventus
676 757 746 784 eas
778 742 930 784 leviter
960 743 1126 786 diducit
1158 745 1302 787 cuntis

229 812 525 868 dissoluitque,
555 812 711 854 cadant
742 812 923 868 ingratis
954 813 1028 854 illa
1060 822 1272 857 necessest

230 881 395 922 semina
426 896 535 936 quac
569 881 733 922 faciunt
765 881 984 936 fulgorem.
1047 891 1141 924 tum
1174 884 1264 925 sinc
1297 892 1434 927 taetro

232 955 392 992 terrore
424 956 468 992 ct
500 950 641 991 sonitu
675 950 805 1007 fulgit
835 951 1038 1007 nulloque
1072 953 1277 996 tumultu.

291 1019 416 1071 Quod
447 1025 654 1075 superest,
686 1020 806 1074 quali
837 1026 992 1062 natura
1022 1021 1219 1076 praedita
1248 1029 1445 1065 constent

232 1088 424 1138 fulmina,
455 1088 675 1129 declarant
705 1088 817 1130 ictus
849 1094 893 1130 ct
926 1089 1071 1131 inusta
1104 1091 1271 1146 vaporis
1641 1107 1724 1137 220

232 1157 354 1212 signa
384 1163 598 1213 notaeque
628 1158 770 1213 gravis
802 1157 988 1200 halantis
1019 1159 1206 1215 sulpuris
1236 1176 1370 1203 auras.

231 1226 343 1282 ignis
375 1227 489 1268 enim
521 1232 623 1269 sunt
655 1227 760 1268 haec
791 1242 875 1268 non
908 1228 1026 1269 venti
1059 1229 1183 1284 signa
1214 1245 1353 1286 nequo
1386 1231 1543 1273 imbris.

231 1302 454 1352 praeterea
484 1310 608 1352 saepe
638 1295 879 1337 accendunt
911 1311 1080 1352 quoque
1114 1303 1229 1339 tccta
1259 1299 1480 1341 domorum

231 1370 277 1407 et
307 1365 434 1406 celeri
465 1365 638 1406 flamma
668 1364 947 1407 dominantur
978 1366 1022 1406 in
1053 1366 1233 1408 aedibus
1265 1368 1377 1423 ips-is.

233 1433 348 1475 hunc
378 1434 460 1475 tibi
493 1434 698 1476 subtilem
730 1450 827 1476 cum
860 1435 1009 1491 primis
1040 1436 1213 1492 ignibus
1243 1437 1388 1494 ignom
1643 1451 1720 1491 225

234 1503 462 1545 constituit
492 1511 649 1545 natura
679 1504 860 1546 minutis
892 1504 1208 1561 mobilibusque

231 1572 490 1628 corporibus,
522 1572 591 1614 cui
624 1572 684 1614 nil
717 1573 891 1614 omnino
922 1573 1128 1615 obsistere
1161 1575 1303 1629 possit.

234 1643 391 1684 transit
422 1642 538 1683 enim
571 1642 761 1684 validum
795 1642 959 1683 fulmen
992 1657 1066 1698 per
1099 1650 1249 1699 saepta
1280 1644 1515 1694 domorum,

233 1712 392 1754 clamor
422 1718 473 1753 ut
504 1727 553 1753 ac
586 1726 720 1761 voceS‚
753 1712 910 1753 transit
942 1727 1018 1767 per
1048 1727 1162 1762 saxa,
1193 1727 1270 1768 per
1300 1727 1409 1762 aera,

233 1784 278 1821 et
310 1778 522 1834 liquidum
554 1785 715 1834 puncto
748 1779 850 1820 facit
880 1793 952 1820 aes
983 1778 1028 1820 in
1060 1785 1252 1834 tempore
1284 1785 1327 1822 et
1358 1796 1523 1830 aurum,
1642 1793 1726 1834 230

233 1855 356 1891 curat
387 1848 493 1890 item
525 1848 637 1889 vasis
668 1848 848 1904 integris
878 1848 978 1889 vina
1008 1855 1185 1904 repente

233 1917 478 1974 diffugiant,
509 1918 612 1973 quia
642 1917 846 1958 nimirum
879 1917 1001 1959 facile
1032 1918 1176 1959 omnia
1205 1918 1364 1960 circum

233 1987 430 2029 conlaxat
460 2001 638 2042 rareque
670 1987 772 2028 facit
803 1987 1058 2028 lateramina
1088 1987 1200 2029 vasis

233 2056 466 2099 adveniens
495 2056 609 2098 calor
639 2056 732 2098 eius
763 2061 807 2098 et
838 2056 1082 2098 insinuatus
1111 2056 1157 2098 in
1187 2057 1330 2113 ipsum

233 2126 451 2168 mobiliter
481 2126 652 2167 soluens
684 2125 830 2167 differt
860 2125 1093 2181 primordia
1122 2126 1224 2169 vini.
1645 2141 1667 2169 2
1674 2142 1695 2182 3
1704 2139 1722 2181 5

118 2283 209 2315 Flor.
229 2284 269 2314 31
292 2283 410 2315 Camb.
430 2283 513 2316 Mar.
535 2284 588 2315 for
603 2285 825 2325 Flammeusq.
871 2286 1064 2325 splendidus
1080 2287 1157 2317 ollis
1173 2285 1263 2317 Flor.
1277 2287 1318 2317 31
1336 2285 1422 2318 Mar.
1437 2286 1553 2318 Camb.
1565 2297 1651 2319 corr.
1662 2287 1724 2319 but

120 2349 151 2379 p.
178 2347 237 2378 m.,
269 2339 354 2371 Mar.
383 2339 436 2370 for
457 2340 726 2380 splendidusolis.
909 2341 972 2372 209
1009 2341 1100 2380 Quin
1131 2342 1233 2372 etiam
1266 2341 1371 2373 Lach.
1397 2342 1449 2373 for
1475 2343 1603 2383 Quippe
1627 2344 1725 2374 enim.

123 2395 250 2436 Quippe
282 2396 400 2426 etenim
433 2393 522 2435 vulg.
718 2395 782 2426 210
813 2395 953 2426 rubeant
977 2395 1066 2428 Flor.
1095 2396 1136 2426 31
1162 2396 1280 2429 camb.
1310 2395 1402 2429 Brix.
1430 2397 1530 2429 Pont.
1557 2397 1643 2429 Mar.
1675 2398 1728 2429 for

121 2451 266 2481 iubeant.
465 2450 528 2481 213
545 2451 690 2491 fulyere.
729 2451 865 2491 fulyore
887 2451 1014 2482 Avanc.
1037 2451 1142 2484 Lach.
1169 2451 1207 2482 in
1230 2451 1381 2484 defiance
1405 2453 1440 2484 of
1463 2453 1634 2493 Epicurus
1657 2453 1726 2485 and

119 2503 300 2536 Lucretius
316 2503 495 2544 assigning
511 2505 627 2536 colour
644 2507 679 2536 to
696 2507 818 2537 atoms.
1049 2506 1113 2538 216
1146 2507 1292 2547 inyratis
1314 2507 1398 2538 Pius
1420 2507 1457 2538 in
1480 2509 1577 2539 notes
1600 2507 1653 2539 for
1674 2510 1725 2539 in-

119 2560 260 2598 qratius.
440 2559 503 2590 218
525 2560 638 2591 sonitu
661 2558 736 2591 vat.
763 2560 847 2592 1954
871 2559 996 2592 Othob.
1020 2560 1106 2593 Mar.
1129 2560 1205 2592 Ald.
1230 2562 1247 2591 1
1267 2561 1364 2592 Junt.
1389 2562 1443 2593 for
1463 2564 1564 2593 sonis.
1608 2564 1727 2594 sonitis

119 2612 210 2645 Flor.
242 2613 282 2644 31
313 2612 433 2644 Camb.
465 2622 530 2645 one
561 2612 639 2645 Vat.
686 2618 786 2655 atque
809 2616 898 2646 sonis
921 2614 1022 2646 Pont.
1200 2616 1262 2648 219
1286 2617 1380 2656 quali
1404 2615 1513 2647 added
1536 2616 1580 2657 by
1603 2617 1722 2651 Lamb.

121 2668 208 2708 quod
223 2668 269 2698 sic
286 2667 377 2699 Flor.
402 2667 443 2698 31
460 2667 577 2699 Camb.
764 2669 828 2700 220
851 2670 939 2701 ictus
955 2674 987 2702 et
1002 2669 1093 2701 Flor.
1111 2671 1151 2701 31
1168 2671 1269 2702 Pont.
1286 2671 1373 2702 Mar.
1390 2671 1466 2703 Ald.
1485 2673 1503 2702 1
1519 2672 1540 2703 J
1543 2674 1616 2704 unt.
1633 2673 1724 2714 vulg.

120 2722 173 2753 for
188 2723 258 2753 ictu
273 2727 316 2753 et.
361 2723 432 2753 ictu
449 2723 522 2754 loca
536 2721 642 2755 Lach.
819 2724 882 2755 221
899 2735 1001 2756 auras
1017 2724 1110 2756 Mon.
1130 2725 1182 2767 (or
1197 2725 1298 2766 Mar.)
1314 2726 1410 2759 Junt.
1432 2727 1484 2758 for
1499 2729 1607 2759 auris.

165 2778 227 2808 223
242 2786 338 2817 saepe
354 2776 400 2809 Is.
422 2776 516 2809 Voss.
535 2777 571 2808 in
588 2788 653 2810 ms.
671 2780 771 2811 notes
787 2779 841 2811 for
856 2790 899 2811 se.
942 2790 1004 2821 per
1018 2790 1052 2811 se
1068 2780 1160 2811 Flor.
1177 2781 1219 2812 31
1236 2781 1328 2821 vulg.
1519 2782 1581 2814 226
1598 2784 1726 2814 mobili-

121 2832 241 2871 busque
257 2830 331 2864 Ald.
349 2831 366 2862 1
383 2831 404 2862 J
406 2833 478 2864 unt.
495 2831 571 2874 (not
583 2832 683 2866 Pont.
700 2842 739 2865 or
755 2833 857 2873 Mar.)
868 2834 920 2865 for
929 2835 1169 2875 montibusque.
1259 2836 1323 2867 228
1336 2837 1398 2869 229
1411 2835 1515 2869 Laoh.
1530 2837 1650 2869 makes
1662 2848 1727 2869 one

120 2895 214 2918 verse
226 2887 286 2917 out
296 2887 331 2918 of
341 2885 436 2918 these
445 2889 513 2919 two
521 2887 566 2927 by
575 2887 739 2928 omitting
744 2898 808 2929 per
817 2899 842 2920 s.
858 2890 891 2922 d.
910 2890 947 2920 0.
958 2894 996 2921 ut
1006 2899 1045 2920 ac
1055 2899 1085 2922 v.
1102 2894 1143 2921 tr.
1246 2891 1310 2923 229
1325 2901 1409 2922 saxa
1419 2891 1446 2922 B
1458 2900 1543 2923 corr.
1557 2892 1610 2923 for
1618 2903 1722 2926 sasca.

165 2942 227 2972 231
241 2942 346 2973 Curat
355 2943 444 2976 item.
481 2943 588 2974 Curat
596 2944 668 2974 utei
677 2942 784 2975 Lach.
815 2945 922 2977 Curat
931 2946 1010 2976 item
1020 2949 1058 2976 ut
1067 2944 1202 2977 Lamb.:
1216 2944 1277 2976 but
1289 2945 1401 2985 surely
1412 2945 1506 2977 there
1516 2945 1546 2977 is
1557 2946 1727 2979 sufficient

121 2994 296 3036 authority
312 2995 364 3028 for
381 2995 542 3037 omitting
557 3002 595 3029 ut
610 2996 698 3029 after
714 3002 822 3030 curat.
942 2999 1006 3030 234
1022 3003 1054 3030 et
1069 3000 1261 3031 insinuatus
1276 2999 1382 3031 Lach.
1401 2999 1454 3032 for
1468 3004 1507 3031 ut
1521 3001 1726 3032 insinuatus.

1473 3054 1612 3097 17—2
