1997 3267
904 200 941 241 V
1640 219 1723 260 209

230 314 324 349 tum
356 322 479 363 porro
509 322 628 363 puer,
660 313 709 349 ut
739 308 877 350 saevis
907 309 1123 364 proiectus
1153 310 1207 352 ab
1239 311 1366 353 undis

229 377 387 426 navita,
419 376 561 418 nudus
593 377 715 418 humi
746 377 869 426 iacet,
899 378 1053 427 infans,
1084 378 1257 435 indigus
1289 381 1404 422 omni

231 447 354 488 vitali
385 446 557 496 auxilio,
587 462 685 488 cum
716 447 903 502 primum
938 447 982 488 in
1014 448 1190 489 luminis
1221 463 1313 491 oras

231 516 404 558 nixibus
435 532 487 557 ex
518 517 612 558 alvo
647 517 794 558 matris
826 523 982 558 natura
1012 518 1214 572 profudit,

231 586 466 641 vagituque
499 585 636 626 locum
670 584 843 641 lugubri
874 585 1072 641 complet,
1106 592 1154 628 ut
1185 593 1378 629 aecumst

232 656 301 697 cui
332 661 504 697 tantum
536 655 580 696 in
611 655 700 697 vita
730 661 864 697 restet
897 655 1078 697 transire
1111 656 1331 698 malorum.

231 731 278 767 at
309 726 450 767 variae
481 733 678 767 crescunt
709 725 895 781 pecudes
926 731 1122 767 armenta
1154 726 1352 782 feraeque

233 808 311 834 nec
342 792 615 848 crepitacillis
647 807 753 848 opus
785 798 851 833 est
881 807 960 833 nec
992 793 1193 848 cuiquam
1225 793 1512 835 adhibendast

232 862 369 903 almae
402 861 581 903 nutricis
612 861 770 903 blanda
801 867 932 916 atque
964 862 1146 903 infracta
1178 863 1363 918 loquella
1642 875 1727 916 230

234 944 312 971 nec
343 930 480 971 varias
511 937 726 985 quaerunt
759 935 898 971 vestes
930 945 1005 984 pro
1037 935 1230 986 tempore
1261 931 1379 980 caeli,

234 998 419 1053 denique
451 1014 535 1039 non
567 998 696 1039 armis
727 1013 834 1054 opus
865 1005 940 1047 est,
974 1013 1058 1040 non
1090 999 1313 1041 moenibus
1344 1000 1455 1050 altis,

235 1068 309 1123 qni
340 1082 418 1109 sua
449 1073 661 1118 tutentur,
693 1068 864 1123 quando
895 1067 1093 1109 omnibus
1124 1068 1269 1109 omnia
1301 1069 1415 1125 large

235 1137 364 1179 tellus
394 1137 487 1193 ipsa
516 1138 631 1193 parit
661 1144 902 1193 naturaque
934 1137 1113 1178 daedala
1144 1139 1317 1192 rerum]

294 1208 507 1264 Principio
538 1208 739 1264 quoniam
772 1208 901 1250 terrai
934 1223 1086 1263 corpus
1116 1214 1160 1249 et
1193 1224 1315 1250 umor
1644 1221 1666 1251 2
1675 1222 1695 1263 3
1705 1220 1723 1262 5

235 1291 521 1332 aurarumque
554 1277 668 1319 leves
699 1277 868 1318 animae
899 1277 1112 1332 calidique
1144 1292 1331 1333 vapores,

236 1360 259 1387 e
291 1345 447 1401 quibus
479 1346 582 1388 haec
613 1361 754 1388 rerum
787 1346 1018 1387 consistere
1049 1360 1219 1388 summa
1252 1346 1431 1396 videtur,

236 1415 381 1456 omnia
409 1415 557 1456 nativo
588 1430 636 1457 ac
667 1415 838 1456 mortali
869 1430 1040 1471 corpore
1072 1422 1284 1465 constant,

236 1483 366 1525 debet
397 1484 546 1526 eodem
579 1485 717 1526 omnis
749 1485 899 1526 mundi
930 1491 1087 1526 natura
1116 1486 1273 1541 putari.

235 1552 394 1608 quippe
426 1553 588 1594 etenim
620 1568 800 1610 quorum
831 1554 967 1609 partis
998 1559 1042 1595 et
1074 1555 1266 1596 membra
1299 1554 1492 1597 videmus
1640 1567 1726 1608 240

237 1636 408 1677 corpore
439 1622 586 1664 nativo
617 1637 665 1664 ac
696 1623 950 1664 mortalibus
981 1638 1071 1665 esse
1103 1623 1265 1679 figuris,

239 1692 344 1733 haec
374 1691 525 1733 eadem
557 1692 688 1733 ferme
719 1692 918 1733 mortalia
948 1693 1162 1734 cernimus
1193 1707 1285 1734 esse

238 1765 283 1802 et
314 1760 462 1802 nativa
491 1760 630 1801 simul.
672 1767 933 1816 quapropter
963 1761 1150 1802 maxima
1181 1761 1331 1803 mundi

238 1844 336 1871 cum
368 1829 536 1871 videam
568 1829 759 1871 membra
789 1844 839 1871 ac
868 1830 1003 1885 partis
1033 1837 1286 1886 consumpta
1317 1831 1494 1887 regigni,

239 1898 345 1940 scire
376 1898 476 1939 licet
507 1897 613 1939 caeli
644 1912 814 1953 quoque
845 1898 951 1940 item
983 1903 1207 1954 terraeque
1238 1899 1370 1941 fuisse
1644 1911 1722 1954 245

239 1964 489 2021 principiale
519 1965 692 2020 aliquod
724 1970 896 2020 tempus
926 1965 1176 2021 clademque
1208 1966 1410 2008 futuram.

297 2034 415 2076 Illud
444 2034 490 2075 in
520 2035 587 2075 his
618 2035 745 2076 rebus
775 2050 829 2076 ne
860 2034 1112 2090 corripuisse
1143 2035 1274 2077 rearis

241 2118 310 2144 me
342 2102 460 2152 mihi,
491 2103 604 2159 quod
636 2109 793 2145 terram
824 2109 956 2159 atque
987 2103 1131 2160 ignem
1162 2104 1361 2146 mortalia
1390 2105 1554 2161 sumpsi

241 2187 331 2215 esse
363 2187 501 2228 neque
532 2188 724 2214 umorem
756 2173 954 2214 dubitavi
983 2188 1192 2228 aurasque
1223 2174 1361 2229 perire

241 2248 371 2297 atque
402 2242 551 2284 eadem
582 2242 704 2299 gigni
734 2257 964 2298 rursusque
995 2257 1222 2298 augescere
1253 2243 1354 2293 dixi,
1645 2255 1729 2297 250

243 2310 451 2366 principio
481 2325 579 2366 pars
610 2311 740 2352 terrai
770 2311 986 2360 nonnulla,
1016 2316 1193 2366 perusta

242 2379 402 2420 solibus
431 2379 634 2428 adsiduis,
665 2379 803 2421 multa
833 2379 1003 2434 pulsata
1033 2379 1193 2434 pedum
1225 2379 1278 2430 vi,

1642 533 1664 562 Ν

1672 534 1693 562 [0

1703 532 1720 574 ω

130 2535 220 2568 Gif.:
244 2535 340 2568 Junt.
362 2545 400 2568 as
417 2535 491 2567 Ald.
511 2536 528 2566 1
545 2535 610 2567 has
626 2538 779 2569 avidam:
804 2536 865 2568 but
881 2537 918 2568 in
934 2547 1039 2578 marg.
1061 2538 1098 2569 of
1120 2538 1213 2570 Mon.
1239 2540 1390 2571 ‘avidam
1408 2541 1553 2581 partem'
1574 2540 1604 2572 is
1625 2541 1729 2572 noted

129 2600 166 2622 as
183 2593 329 2629 strange.
541 2591 604 2623 227
627 2595 726 2622 restet
744 2593 886 2623 transire
903 2591 1064 2623 Lactant.
1082 2591 1150 2623 and
1166 2592 1259 2624 Nico.
1277 2593 1329 2625 for
1344 2604 1379 2625 re
1396 2599 1427 2625 et
1445 2595 1631 2633 transirem,
1651 2594 1728 2626 that

130 2642 302 2683 curiously
319 2642 475 2682 frequent
491 2642 636 2675 blunder
649 2643 684 2675 of
699 2643 774 2675 AB:
800 2654 854 2676 see
870 2654 906 2675 1v
923 2646 996 2678 783.
1117 2646 1180 2678 239
1204 2647 1313 2678 eodem
1328 2649 1434 2678 omnis
1451 2647 1518 2680 Gis.
1534 2647 1661 2689 rightly
1676 2648 1730 2680 for

129 2697 239 2727 eadem
257 2697 372 2732 omnis,
390 2695 460 2726 and
475 2695 587 2727 before
602 2695 676 2727 him
692 2696 751 2728 the
767 2697 864 2728 Paris
880 2698 932 2729 ed.
950 2698 986 2729 of
1001 2697 1094 2730 Pius.
1144 2703 1214 2730 tota
1229 2701 1340 2731 eadem
1354 2700 1473 2733 Lamb.
1666 2703 1728 2733 241

129 2751 246 2780 nativo
269 2759 308 2780 ac
328 2750 522 2780 mortalibus
544 2749 649 2781 Laoh.
671 2750 723 2781 for
743 2752 891 2782 nativom
908 2753 1117 2783 mortalibus:
1141 2754 1203 2783 not
1224 2753 1415 2792 Naugerius
1435 2753 1510 2785 who
1531 2753 1595 2785 has
1614 2756 1728 2787 nativo

130 2804 337 2835 mortalibus.
382 2804 499 2834 nativo
516 2808 547 2834 et
562 2805 758 2835 mortalibus
772 2804 898 2838 Avanc.
919 2805 957 2836 in
973 2807 1071 2836 notes
1093 2807 1128 2836 at
1149 2805 1216 2837 end
1234 2807 1271 2838 of
1291 2806 1346 2838 his
1368 2807 1536 2848 Catullus,
1555 2808 1622 2839 and
1638 2809 1727 2850 vulg.

130 2860 244 2888 nativo
260 2858 297 2889 in
313 2857 506 2888 mortalibus
523 2857 608 2890 Mar.
742 2858 805 2890 245
827 2861 907 2890 item
921 2859 1033 2892 Bentl.
1051 2860 1103 2891 for
1117 2861 1214 2892 idem.
1339 2861 1402 2893 248
1425 2863 1479 2893 Me
1495 2863 1578 2893 mihi
1594 2863 1622 2893 B
1639 2866 1729 2895 most

131 2911 269 2952 rightly.
313 2912 453 2942 Memini
475 2911 515 2942 A.
563 2912 695 2943 Memmi
718 2913 827 2953 vulg.:
852 2913 959 2945 hence
982 2914 1104 2946 Lamb.
1128 2926 1176 2947 me
1199 2917 1380 2957 arripuisse
1401 2917 1453 2948 for
1474 2919 1669 2958 corripuisse
1691 2918 1728 2950 in

132 2966 206 2998 247.
365 2966 427 2997 251
450 2975 515 2997 non
530 2967 626 2998 nulla
641 2966 735 2998 Nice.
752 2967 869 3000 Camb.
886 2968 962 3000 Ver.
980 2967 1066 3000 Ven.
1083 2969 1169 3000 Mar.
1184 2969 1237 3000 for
1251 2980 1316 3002 non
1330 2972 1413 3003 ulla.
1570 2973 1632 3006 257
1656 2974 1729 3005 alid

246 3032 292 3062 M.
1560 3030 1614 3069 14
