1997 3267
222 177 306 218 262
1008 171 1071 213 VI

337 280 490 322 incidit
521 280 565 321 in
598 279 780 322 calidam
813 285 984 321 maturo
1015 279 1195 321 fulmine
1226 278 1416 330 nubem;

338 364 467 405 quam
499 364 596 391 cum
627 348 845 405 perscidit,
877 348 1094 404 extemplo
1124 348 1241 390 cadit
1270 349 1423 405 igneus
1454 348 1526 391 ille

337 424 485 460 vertex
518 433 647 474 quem
679 418 820 474 patrio
850 418 1090 460 vocitamus
1122 419 1294 461 nomine
1326 419 1499 460 fulmen.

338 488 417 529 hoc
448 487 498 529 fit
529 487 644 529 idem
676 487 721 528 in
752 487 890 543 partis
923 487 1040 538 alias,
1071 502 1342 544 quocumque
1374 487 1477 530 tulit
1509 487 1582 530 vis.

337 558 388 599 fit
420 572 589 613 quoque
621 563 672 599 ut
702 557 923 599 interdum
954 558 1074 600 venti
1106 559 1170 600 vis
1201 558 1330 600 missa
1360 558 1451 600 sine
1482 558 1574 615 igni
1751 569 1836 612 300

339 627 524 683 igniscat
555 633 702 669 tamen
734 627 776 668 in
810 627 950 683 spatio
982 627 1193 684 longoque
1225 633 1383 677 meatu,

337 695 440 737 dum
474 696 605 744 venit,
636 695 845 737 amittens
876 695 921 736 in
953 710 1078 737 cursu
1110 710 1285 752 corpora
1314 695 1525 752 quaedam

337 765 518 822 grandia
550 779 660 820 quae
691 770 916 820 nequeunt
947 764 1109 820 pariter
1140 772 1364 820 penetrare
1396 779 1472 820 per
1501 779 1648 817 auras;

337 841 468 891 atque
499 833 584 875 alia
615 848 665 875 ex
698 833 790 889 ipso
821 833 1055 876 conradens
1085 849 1182 875 aere
1214 840 1359 889 portat

336 905 509 961 parvola
541 918 651 960 quae
684 904 848 945 faciunt
880 903 1024 960 ignem
1057 904 1289 946 commixta
1320 903 1528 956 volando;
1750 914 1829 959 305

338 988 422 1014 non
453 972 538 1013 alia
570 972 694 1028 longe
725 972 892 1014 ratione
923 987 972 1014 ac
1003 972 1208 1028 plumbea
1239 988 1364 1029 saepe

338 1041 500 1083 fervida
533 1041 582 1082 fit
613 1041 736 1096 glans
768 1041 811 1082 in
843 1056 981 1091 cursu,
1012 1057 1108 1083 cum
1144 1042 1281 1084 multa
1311 1042 1463 1098 rigoris

337 1126 511 1167 corpora
542 1110 770 1152 dimittens
801 1110 946 1167 ignem
979 1111 1174 1166 concepit
1207 1111 1252 1152 in
1282 1111 1407 1153 auris.

339 1181 388 1222 fit
419 1195 588 1236 quoquc
621 1186 670 1221 ut
702 1180 837 1235 ipsius
869 1180 1020 1236 plagae
1054 1181 1116 1222 vis
1147 1181 1307 1223 excitet
1338 1181 1496 1238 ignem,

337 1250 493 1307 frigida
523 1265 621 1292 cum
654 1249 773 1291 venti
804 1250 974 1305 pepulit
1007 1250 1068 1291 vis
1100 1250 1228 1291 missa
1258 1250 1350 1293 sine
1380 1251 1483 1308 igni,
1750 1262 1834 1306 310

336 1319 541 1361 nimirum
574 1318 685 1374 quia,
718 1333 816 1360 cum
849 1319 1039 1360 vementi
1071 1319 1255 1374 perculit
1286 1320 1388 1369 ictu,

337 1387 552 1430 confluere
584 1402 635 1428 ex
668 1387 760 1443 ipso
792 1393 974 1443 possunt
1006 1388 1221 1429 elementa
1253 1388 1422 1444 vaporis

337 1462 382 1499 et
413 1457 541 1498 simul
574 1471 625 1498 ex
658 1456 731 1497 illa
763 1472 872 1513 quac
906 1463 1000 1498 tum
1033 1473 1099 1500 res
1131 1458 1291 1513 excipit
1323 1459 1484 1510 ictum;

337 1531 399 1575 ut,
431 1525 618 1581 lapidem
651 1525 761 1566 ferro
792 1540 890 1566 cum
925 1525 1156 1576 caedimus,
1187 1527 1328 1568 evolat
1359 1527 1484 1584 ignis,

335 1608 426 1643 nec,
459 1593 573 1649 quod
606 1593 761 1650 frigida
792 1593 856 1635 vis
888 1594 1040 1643 ferrist,
1073 1594 1152 1636 hoc
1182 1595 1317 1637 setius
1347 1596 1412 1637 illi
1749 1606 1828 1650 315

337 1664 502 1706 semina
532 1670 793 1705 concurrunt
824 1663 951 1705 calidi
984 1664 1161 1721 fulgoris
1192 1665 1246 1706 ad
1277 1665 1424 1707 ictum.

336 1733 395 1775 sic
427 1733 561 1789 igitur
593 1747 762 1788 quoque
793 1747 860 1774 res
890 1732 1065 1774 accendi
1096 1732 1276 1775 fulmine
1307 1733 1449 1784 debet,

336 1809 578 1859 opportuna
609 1802 692 1843 fuit
723 1802 757 1843 si
791 1802 899 1843 forte
931 1808 976 1844 et
1007 1802 1161 1844 idonea
1191 1803 1385 1845 flammis.

336 1886 414 1913 nec
446 1878 607 1913 temere
639 1871 812 1912 omnino
845 1871 973 1926 plane
1005 1871 1068 1912 vis
1100 1871 1255 1928 frigida
1286 1872 1406 1914 venti

336 1955 426 1983 esse
458 1946 612 1995 potest,
644 1955 695 1982 ea
725 1955 834 1996 quae
867 1947 991 1981 tanta
1022 1940 1064 1981 vi
1095 1941 1224 1982 missa
1255 1948 1491 1996 supernest‚
1747 1953 1833 1996 320

337 2009 453 2065 quin,
482 2008 600 2065 prius
631 2009 677 2050 in
708 2023 832 2050 cursu
865 2008 901 2050 si
933 2024 1018 2050 non
1048 2008 1298 2051 accenditur
1327 2009 1429 2064 igni,

334 2083 381 2119 at
411 2077 625 2133 tepefacta
655 2083 803 2118 tamen
834 2077 980 2118 veniat
1011 2078 1245 2119 commixta,
1275 2078 1422 2120 calore.

393 2146 614 2188 Mobilitas
643 2153 790 2188 autem
822 2146 873 2187 fit
904 2146 1097 2188 fulminis
1128 2154 1173 2188 et
1203 2147 1346 2203 gravis
1376 2147 1500 2198 ictus,

335 2221 380 2258 et
410 2217 535 2258 celeri
567 2217 698 2259 ferme
730 2222 991 2272 percurrunt
1022 2216 1205 2258 fulmina
1237 2217 1371 2272 lapsu,

333 2285 522 2327 nubibus
552 2286 645 2341 ipsa
675 2285 788 2342 quod
819 2285 992 2327 omnino
1022 2285 1142 2341 prius
1173 2286 1306 2328 incita
1336 2301 1381 2328 se
1414 2286 1476 2328 vis
1743 2298 1822 2341 325

219 2406 322 2438 Bern.
345 2405 474 2447 rightly
497 2406 549 2438 for
572 2408 700 2439 valida.
750 2408 929 2447 gravidam
951 2407 1064 2438 Bentl.
1084 2407 1190 2440 Lach.
1234 2408 1380 2448 fulmine
1405 2407 1492 2439 Mar.
1513 2406 1590 2439 Ald.
1611 2407 1629 2438 1
1653 2407 1748 2441 Junt.
1773 2395 1828 2441 for

221 2462 374 2493 culmine.
519 2462 581 2494 298
593 2463 709 2502 patrio
725 2461 815 2494 Flor.
837 2463 877 2493 31
895 2461 1013 2494 Camb.
1030 2463 1050 2493 3
1066 2462 1142 2494 Vat.
1164 2466 1229 2495 etc.
1246 2463 1298 2494 for
1313 2465 1434 2504 spatio.
1479 2473 1578 2504 quam
1592 2465 1700 2505 spatio
1719 2464 1829 2506 (quem

215 2518 345 2556 patrio)
363 2516 439 2548 Ver.
460 2516 546 2548 Ven.
593 2517 695 2548 Latio
711 2516 739 2547 B
755 2526 852 2554 corn,
868 2516 1018 2558 perhaps
1033 2517 1174 2558 rightly.
1220 2528 1325 2559 quem.
1372 2519 1459 2558 quod
1473 2517 1592 2550 Camb.
1609 2519 1629 2549 2
1645 2518 1723 2550 Vat.
1739 2519 1826 2552 Mar.

221 2568 241 2599 J
245 2573 318 2600 unt.
335 2568 456 2602 Lamb.
598 2570 660 2600 302
682 2569 771 2600 Dum
786 2571 890 2607 venit,
907 2571 1075 2601 amittens.
1123 2569 1251 2601 ‘Immo
1269 2571 1350 2602 Cum
1366 2571 1456 2602 venit
1472 2571 1648 2602 amittens:
1672 2570 1827 2611 alioquin

222 2625 332 2656 oratio
357 2634 428 2655 non
451 2624 607 2656 constat'
630 2623 735 2656 Lach.
909 2625 971 2656 308
995 2626 1140 2666 concepit
1160 2624 1252 2656 Flor.
1269 2624 1310 2656 31
1332 2624 1450 2656 Camb.
1468 2624 1563 2657 Mon.
1579 2625 1655 2657 Ver.
1671 2625 1754 2660 Ven.
1772 2627 1829 2659 for

221 2679 376 2718 concipit.
531 2678 594 2710 309
616 2679 722 2718 vipsiu-<5
738 2677 822 2710 Mar.
843 2677 918 2710 Ald.
942 2679 959 2709 1
977 2678 1075 2710 Junt.
1092 2678 1146 2710 for
1162 2680 1256 2719 ipsis.
1411 2679 1475 2710 315
1491 2680 1547 2711 illi
1563 2678 1669 2711 Laeh.
1686 2679 1740 2712 for
1753 2682 1824 2713 ille.

221 2734 283 2764 illa
301 2733 392 2765 Flor.
409 2734 449 2764 31
465 2733 556 2774 vulg.
717 2733 780 2765 320
797 2743 835 2765 ea
853 2743 937 2774 quae
955 2733 1061 2765 Lach.
1078 2733 1152 2765 first
1169 2733 1222 2765 for
1237 2744 1278 2766 ex
1294 2743 1390 2774 quae.
1436 2743 1477 2765 ex
1493 2744 1558 2774 quo
1573 2734 1663 2774 vulg.
1679 2734 1827 2768 without

222 2796 329 2819 sense.
377 2793 473 2820 tanta
488 2790 522 2820 vi
539 2789 639 2819 missa
654 2787 745 2819 Flor.
763 2788 803 2819 31
821 2787 940 2819 Camb.
958 2788 977 2818 2
995 2787 1072 2819 Vat.
1089 2787 1189 2819 Pont.
1208 2788 1260 2819 for
1282 2789 1515 2820 tantaumissa.
1560 2792 1657 2820 tanta
1676 2789 1825 2822 immissa

221 2843 314 2875 Nice.
331 2843 406 2876 Ver.
458 2848 554 2875 tanta
568 2844 603 2874 vi
621 2844 767 2874 immissa
783 2843 870 2874 Mar.
883 2842 958 2874 Ald.
973 2843 991 2873 1
1008 2842 1105 2874 Junt.
1239 2843 1302 2874 321
1319 2853 1417 2874 cursu
1431 2843 1462 2874 si
1477 2842 1568 2873 Flor.
1581 2843 1622 2874 31
1640 2842 1759 2875 Camb.
1772 2843 1827 2876 for

222 2909 347 2930 cursus.
415 2899 478 2930 323
494 2899 667 2930 Mobilitas
682 2898 713 2929 A
728 2907 811 2930 corr.
831 2897 948 2929 Camb.
967 2900 1032 2928 etc.
1049 2897 1102 2929 for
1117 2898 1298 2929 Nobilitas.
1371 2897 1434 2928 324
1450 2898 1499 2928 Et
1514 2896 1600 2929 Mar.
1613 2897 1760 2938 Nauger.
1771 2897 1827 2929 for

221 2956 277 2984 At.
322 2955 370 2985 Ac
384 2953 405 2984 J
407 2955 480 2985 unt.
494 2953 592 2986 Wak.
635 2957 837 2993 percurrunt
852 2951 959 2984 Laeh.
971 2951 1024 2983 for
1037 2956 1187 2992 percunt.
1227 2957 1373 2993 pergunt
1388 2952 1418 2982 A
1433 2961 1519 2983 corr.
1530 2950 1624 2983 Nice.
1669 2953 1738 2984 iam
1747 2962 1823 2992 per-

1962 2654 1970 2677 ··
1955 2588 1976 2643 ssm-
