1997 3267
156 198 209 239 92

935 185 983 225 ΙΙ

270 299 400 347 atque
432 293 527 334 ideo
558 292 738 334 transire
770 292 978 333 foramina
1008 307 1118 348 quae
1149 293 1300 348 nequit
1331 293 1443 349 ignis

270 367 415 402 noster
446 360 514 402 hic
545 375 568 402 e
599 360 727 416 lignis
758 366 876 401 ortus
906 360 1117 416 taedaque
1148 367 1326 404 creatus.

271 435 492 485 praeterea
523 430 669 471 lumen
699 445 776 486 per
806 445 980 471 cornum
1013 430 1178 478 transit,
1211 437 1256 471 at
1287 431 1425 472 imber

271 499 498 554 respuitur.
562 502 724 554 quare?
765 499 847 540 nisi
878 499 1053 543 luminis
1083 499 1157 540 illa
1187 499 1353 541 minora

272 582 444 622 corpora
474 573 576 608 sunt
607 582 736 622 quam
767 567 820 608 de
852 567 1009 622 quibus
1040 573 1106 609 est
1138 568 1276 623 liquor
1306 569 1445 610 almus
1475 583 1692 624 aquarum.

272 641 317 676 et
348 635 543 690 quamvis
574 635 718 676 subito
750 649 825 690 per
855 635 995 676 colum
1027 636 1127 677 vina
1157 636 1353 678 videmus
1679 651 1756 692 391

273 704 506 759 perfluere3
546 709 591 744 at
622 709 769 744 contra
800 703 972 744 tardum
1004 710 1233 746 cunctatur
1264 705 1430 757 olivom,

273 779 349 814 aut
380 773 480 828 quia
510 772 712 813 nimirum
744 772 986 814 maioribus·
1007 779 1073 814 est
1104 774 1330 815 elementis

273 850 350 883 aut
381 843 518 897 magis
549 842 735 883 hamatis
766 842 881 883 inter
911 857 954 883 se
985 857 1146 898 perque
1176 843 1357 898 plicatis,

275 918 406 966 atque
436 912 532 952 ideo
562 911 612 952 fit
643 911 710 952 uti
741 925 827 951 non
859 916 949 952 tam
981 906 1159 954 diducta
1190 919 1368 968 repente
1681 924 1760 969 395

274 981 388 1022 inter
418 996 462 1022 se
494 981 658 1036 possint
689 980 922 1035 primordia
952 981 1120 1036 singula
1151 996 1346 1037 quaeque

274 1050 444 1106 singula
474 1065 549 1105 per
580 1049 786 1104 cuiusque
819 1049 1026 1090 foramina
1057 1064 1317 1104 permanare.

334 1119 433 1159 Huc
464 1118 627 1159 accedit
659 1118 725 1158 uti
756 1117 894 1158 mellis
926 1118 1133 1173 lactisque
1165 1118 1349 1174 liquores

276 1186 461 1228 iucundo
493 1201 619 1228 sensu
651 1186 824 1241 linguae
855 1191 1097 1227 tractentur
1128 1186 1172 1227 in
1204 1201 1298 1240 ore;

277 1262 322 1297 at
353 1261 498 1297 contra
530 1260 670 1296 taetra
700 1254 891 1295 absinthi
922 1261 1079 1296 natura
1110 1256 1273 1311 ferique
1679 1269 1768 1312 400

278 1324 472 1366 centauri
503 1324 624 1365 foedo
654 1329 935 1378 pertorquent
966 1339 1037 1364 ora
1068 1339 1240 1380 sapore3

277 1400 327 1435 ut
359 1394 479 1435 facile
509 1408 712 1449 agnoscas
743 1407 765 1433 e
797 1393 962 1434 levibus
993 1399 1123 1448 atque
1153 1394 1354 1436 rutundis

278 1477 369 1504 esse
401 1477 451 1504 ea
481 1477 591 1517 quae
622 1476 770 1503 sensus
801 1461 988 1502 iucunde
1021 1467 1198 1517 tangere
1230 1469 1418 1518 possunt,

278 1538 324 1573 at
356 1538 502 1573 contra
533 1546 641 1587 quae
673 1546 817 1572 amara
848 1538 979 1586 atque
1010 1546 1159 1587 aspera
1190 1548 1373 1589 cumque
1406 1534 1618 1584 videntur,

279 1600 382 1641 haec
412 1600 548 1656 magis
581 1600 765 1641 hamatis
796 1600 910 1641 inter
941 1615 983 1641 se
1015 1615 1125 1641 nexa
1155 1602 1293 1642 teneri
1679 1615 1761 1657 405

278 1675 586 1724 proptereaque
618 1669 751 1710 solere
782 1669 872 1709 vias
902 1669 1140 1710 rescindere
1171 1671 1326 1712 nostris

279 1737 475 1779 sensibus
506 1737 774 1793 introituque
805 1752 881 1778 suo
913 1752 1186 1793 perrumpere
1219 1754 1377 1793 corpus.

338 1808 496 1849 Omnia
527 1814 741 1863 postremo
772 1808 884 1849 bona
914 1807 1107 1849 sensibus
1139 1813 1184 1850 et
1213 1809 1326 1850 mala
1357 1815 1477 1852 tactu

279 1875 478 1917 dissimili
508 1876 622 1918 inter
652 1891 696 1918 se
728 1882 925 1932 pugnant
955 1877 1144 1932 perfecta
1173 1877 1333 1933 figura3

279 1960 333 1986 ne
364 1950 413 1985 tu
445 1945 552 1986 forte
583 1951 710 2000 putes
741 1960 879 1986 serrae
911 1945 1132 1986 stridentis
1163 1946 1362 1988 acerbum
1683 1960 1770 2001 410

280 2014 493 2056 horrorem
524 2020 717 2056 constare
749 2014 973 2056 elementis
1004 2014 1168 2056 levibus
1198 2030 1333 2070 aeque

279 2098 328 2124 ac
358 2098 533 2124 musaea
563 2084 686 2132 mele,
716 2098 793 2138 per
823 2083 1000 2124 chordas
1031 2083 1219 2139 organici
1249 2098 1357 2139 quae

281 2152 509 2193 mobilibus
540 2151 688 2207 digitis
719 2152 1017 2207 expergefacta
1047 2152 1259 2208 figurant;

280 2235 365 2261 neu
397 2220 527 2261 simili
557 2226 781 2275 penetrare
812 2226 938 2276 putes
968 2221 1200 2276 primordia
1230 2221 1364 2263 forma

281 2288 327 2330 in
356 2303 479 2330 nares
511 2289 745 2339 hominum,
776 2304 873 2330 cum
905 2295 1045 2331 taetra
1075 2289 1280 2331 cadavera
1311 2296 1486 2342 torrent,
1681 2303 1763 2346 415

283 2364 327 2400 et
357 2373 455 2399 cum
487 2373 612 2399 scena
642 2373 759 2400 croco
792 2358 915 2401 Cilici
946 2360 1117 2414 perfusa
1146 2374 1292 2401 recens
1324 2365 1389 2402 est

283 2441 439 2482 araque
471 2426 714 2468 Panchaeos
745 2427 917 2469 exhalat
947 2433 1123 2483 propter
1152 2428 1326 2481 odoresg

282 2509 389 2535 neve
419 2493 551 2535 bonos
581 2509 723 2535 rerum
754 2495 884 2536 simili
915 2501 1107 2537 constare
1138 2496 1296 2537 colores

284 2561 445 2602 semine
476 2561 722 2611 constituaS,
754 2563 895 2604 oculos
926 2563 1001 2618 qui
1031 2578 1202 2618 pascere
1233 2570 1423 2618 possunt,

285 2635 330 2671 et
360 2629 435 2685 qui
465 2636 744 2685 conpungunt
776 2631 910 2672 aciem
942 2632 1247 2688 lacrimareque
1278 2639 1438 2689 cogunt
1683 2647 1771 2687 420

171 2781 272 2809 ortus.
319 2783 395 2808 ortu
408 2777 511 2810 Lach.
525 2786 533 2808 :
559 2787 669 2817 comp.
687 2787 720 2808 VI
737 2779 799 2810 909
809 2780 855 2819 fit
872 2784 973 2817 ortus,
991 2779 1061 2810 and
1078 2779 1173 2812 1141.
1322 2782 1386 2814 390
1402 2783 1507 2813 almus
1522 2781 1550 2813 B
1568 2792 1652 2813 corr.
1669 2783 1764 2817 Brix.

173 2831 271 2862 Pont.
288 2833 393 2862 amnis
411 2832 494 2863 Mar.
515 2832 568 2862 for
583 2833 715 2863 alimus.
833 2834 897 2865 397
913 2834 1082 2874 cuiusque.
1129 2836 1193 2865 coli
1209 2844 1311 2875 usque
1327 2835 1444 2866 Bruno
1463 2835 1636 2876 (Harburg
1653 2837 1764 2878 1872).

215 2885 276 2915 401
298 2886 423 2917 ‘oratio
439 2885 550 2917 lenius
567 2885 733 2923 decurret,
749 2886 778 2917 si
791 2886 977 2918 scribemus
988 2893 1216 2928 pertorqueat.
1248 2888 1307 2920 sed
1318 2890 1430 2929 potest
1447 2889 1525 2919 ferri
1537 2894 1769 2930 pertorquent’

173 2938 280 2971 Lach.

410 2940 473 2970 403
489 2940 630 2970 iucunde
649 2944 782 2979 tanyere
798 2939 891 2971 Nice.
909 2940 961 2971 for
976 2942 1134 2973 incandet
1155 2947 1275 2973 tacere.
1407 2943 1470 2973 413
1487 2943 1665 2974 Mobilibus
1681 2943 1768 2976 Poli-
