<?xml version="1.0" encoding="UTF-8"?>
<!DOCTYPE html PUBLIC "-//W3C//DTD XHTML 1.0 Transitional//EN"
    "http://www.w3.org/TR/xhtml1/DTD/xhtml1-transitional.dtd">
<html xmlns="http://www.w3.org/1999/xhtml" xml:lang="en" lang="en">
 <head>
  <title>
</title>
<meta http-equiv="Content-Type" content="text/html;charset=utf-8" />
  <meta name='ocr-system' content='tesseract 3.04.00' />
  <meta name='ocr-capabilities' content='ocr_page ocr_carea ocr_par ocr_line ocrx_word'/>
</head>
<body>
  <div class='ocr_page' id='page_1' title='image "./lucreticariderer01lucruoft_0304.png"; bbox 0 0 1997 3267; ppageno 0'>
   <div class='ocr_carea' id='block_1_1' title="bbox 280 202 1112 245">
    <p class='ocr_par' dir='ltr' id='par_1_1' title="bbox 280 202 1112 245">
     <span class='ocr_line' id='line_1_1' title="bbox 280 202 1112 245; baseline -0.004 0"><span class='ocrx_word' id='word_1_1' title='bbox 280 205 362 245; x_wconf 84' lang='lat'>288</span> <span class='ocrx_word' id='word_1_2' title='bbox 1048 202 1112 243; x_wconf 89' lang='lat' dir='ltr'>VI</span> 
     </span>
    </p>
   </div>
   <div class='ocr_carea' id='block_1_2' title="bbox 369 308 1888 2366">
    <p class='ocr_par' dir='ltr' id='par_1_2' title="bbox 369 308 1888 2366">
     <span class='ocr_line' id='line_1_2' title="bbox 393 308 1378 365; baseline 0 -14"><span class='ocrx_word' id='word_1_3' title='bbox 393 324 490 351; x_wconf 90' lang='lat' dir='ltr'>aere</span> <span class='ocrx_word' id='word_1_4' title='bbox 521 308 776 365; x_wconf 85' lang='lat' dir='ltr'>interposito</span> <span class='ocrx_word' id='word_1_5' title='bbox 808 308 1019 350; x_wconf 78' lang='lat' dir='ltr'>discordia</span> <span class='ocrx_word' id='word_1_6' title='bbox 1052 315 1177 350; x_wconf 89' lang='lat' dir='ltr'>tanta</span> <span class='ocrx_word' id='word_1_7' title='bbox 1208 316 1378 351; x_wconf 86' lang='lat' dir='ltr'>creatur</span> 
     </span>
     <span class='ocr_line' id='line_1_3' title="bbox 393 378 1690 436; baseline 0 -15"><span class='ocrx_word' id='word_1_8' title='bbox 393 385 620 436; x_wconf 89' lang='lat' dir='ltr'>propterea</span> <span class='ocrx_word' id='word_1_9' title='bbox 650 379 752 434; x_wconf 87' lang='lat' dir='ltr'>quia</span> <span class='ocrx_word' id='word_1_10' title='bbox 782 378 989 419; x_wconf 90' lang='lat' dir='ltr'>nimirum</span> <span class='ocrx_word' id='word_1_11' title='bbox 1021 378 1141 434; x_wconf 85' lang='lat' dir='ltr'>prius</span> <span class='ocrx_word' id='word_1_12' title='bbox 1172 384 1317 420; x_wconf 87' lang='lat' dir='ltr'>aestus</span> <span class='ocrx_word' id='word_1_13' title='bbox 1348 379 1424 421; x_wconf 86' lang='lat' dir='ltr'>ubi</span> <span class='ocrx_word' id='word_1_14' title='bbox 1455 380 1564 422; x_wconf 86' lang='lat' dir='ltr'>aeris</span> <span class='ocrx_word' id='word_1_15' title='bbox 1686 425 1690 429; x_wconf 25' lang='lat'><strong>⁴</strong></span> 
     </span>
     <span class='ocr_line' id='line_1_4' title="bbox 392 448 1886 505; baseline 0.002 -15"><span class='ocrx_word' id='word_1_16' title='bbox 392 449 611 505; x_wconf 86' lang='lat' dir='ltr'>praecepit</span> <span class='ocrx_word' id='word_1_17' title='bbox 643 448 827 503; x_wconf 89' lang='lat' dir='ltr'>ferrique</span> <span class='ocrx_word' id='word_1_18' title='bbox 860 448 950 489; x_wconf 90' lang='lat' dir='ltr'>vias</span> <span class='ocrx_word' id='word_1_19' title='bbox 981 448 1171 504; x_wconf 87' lang='lat' dir='ltr'>possedit</span> <span class='ocrx_word' id='word_1_20' title='bbox 1202 454 1385 504; x_wconf 88' lang='lat' dir='ltr'>apertas,</span> <span class='ocrx_word' id='word_1_21' title='bbox 1745 461 1749 465; x_wconf 85' lang='grc'><strong>”</strong></span> <span class='ocrx_word' id='word_1_22' title='bbox 1779 462 1886 504; x_wconf 88' lang='grc'>1050</span> 
     </span>
     <span class='ocr_line' id='line_1_5' title="bbox 369 516 1517 574; baseline -0.001 -13"><span class='ocrx_word' id='word_1_23' title='bbox 369 518 599 574; x_wconf 74' lang='lat' dir='ltr'>,posterior</span> <span class='ocrx_word' id='word_1_24' title='bbox 630 516 782 572; x_wconf 86' lang='lat' dir='ltr'>lapidis</span> <span class='ocrx_word' id='word_1_25' title='bbox 813 516 933 558; x_wconf 87' lang='lat' dir='ltr'>venit</span> <span class='ocrx_word' id='word_1_26' title='bbox 965 523 1110 558; x_wconf 87' lang='lat' dir='ltr'>aestus</span> <span class='ocrx_word' id='word_1_27' title='bbox 1141 523 1185 558; x_wconf 89' lang='lat' dir='ltr'>et</span> <span class='ocrx_word' id='word_1_28' title='bbox 1216 517 1360 559; x_wconf 86' lang='lat' dir='ltr'>omnia</span> <span class='ocrx_word' id='word_1_29' title='bbox 1390 518 1517 574; x_wconf 87' lang='lat' dir='ltr'>plena</span> 
     </span>
     <span class='ocr_line' id='line_1_6' title="bbox 392 586 1624 642; baseline 0.001 -14"><span class='ocrx_word' id='word_1_30' title='bbox 392 586 560 628; x_wconf 89' lang='lat' dir='ltr'>invenit</span> <span class='ocrx_word' id='word_1_31' title='bbox 591 586 635 627; x_wconf 92' lang='lat' dir='ltr'>in</span> <span class='ocrx_word' id='word_1_32' title='bbox 667 586 776 627; x_wconf 90' lang='lat' dir='ltr'>ferro</span> <span class='ocrx_word' id='word_1_33' title='bbox 806 600 946 641; x_wconf 86' lang='lat' dir='ltr'>neque</span> <span class='ocrx_word' id='word_1_34' title='bbox 979 586 1110 628; x_wconf 89' lang='lat' dir='ltr'>habet</span> <span class='ocrx_word' id='word_1_35' title='bbox 1142 601 1226 642; x_wconf 87' lang='lat' dir='ltr'>qua</span> <span class='ocrx_word' id='word_1_36' title='bbox 1257 592 1401 628; x_wconf 87' lang='lat' dir='ltr'>tranet</span> <span class='ocrx_word' id='word_1_37' title='bbox 1432 593 1482 629; x_wconf 89' lang='lat' dir='ltr'>ut</span> <span class='ocrx_word' id='word_1_38' title='bbox 1513 594 1624 630; x_wconf 89' lang='lat' dir='ltr'>ante.</span> 
     </span>
     <span class='ocr_line' id='line_1_7' title="bbox 393 654 1423 713; baseline -0.002 -15"><span class='ocrx_word' id='word_1_39' title='bbox 393 656 562 713; x_wconf 85' lang='lat' dir='ltr'>cogitur</span> <span class='ocrx_word' id='word_1_40' title='bbox 593 655 800 696; x_wconf 85' lang='lat' dir='ltr'>offensare</span> <span class='ocrx_word' id='word_1_41' title='bbox 832 654 968 711; x_wconf 84' lang='lat' dir='ltr'>igitur</span> <span class='ocrx_word' id='word_1_42' title='bbox 998 655 1255 711; x_wconf 79' lang='lat' dir='ltr'>pulsareque</span> <span class='ocrx_word' id='word_1_43' title='bbox 1286 655 1423 697; x_wconf 88' lang='lat' dir='ltr'>fluctu</span> 
     </span>
     <span class='ocr_line' id='line_1_8' title="bbox 394 724 1451 780; baseline -0.002 -13"><span class='ocrx_word' id='word_1_44' title='bbox 394 726 531 767; x_wconf 85' lang='lat' dir='ltr'>ferrea</span> <span class='ocrx_word' id='word_1_45' title='bbox 560 730 683 766; x_wconf 87' lang='lat' dir='ltr'>texta</span> <span class='ocrx_word' id='word_1_46' title='bbox 713 739 812 775; x_wconf 82' lang='lat' dir='ltr'>suo3</span> <span class='ocrx_word' id='word_1_47' title='bbox 854 739 938 780; x_wconf 90' lang='lat' dir='ltr'>quo</span> <span class='ocrx_word' id='word_1_48' title='bbox 969 729 1094 780; x_wconf 88' lang='lat' dir='ltr'>pacto</span> <span class='ocrx_word' id='word_1_49' title='bbox 1125 725 1290 780; x_wconf 90' lang='lat' dir='ltr'>respuit</span> <span class='ocrx_word' id='word_1_50' title='bbox 1322 724 1376 766; x_wconf 83' lang='lat' dir='ltr'>ab</span> <span class='ocrx_word' id='word_1_51' title='bbox 1407 739 1451 765; x_wconf 91' lang='lat' dir='ltr'>se</span> 
     </span>
     <span class='ocr_line' id='line_1_9' title="bbox 393 793 1881 850; baseline 0.001 -14"><span class='ocrx_word' id='word_1_52' title='bbox 393 801 524 850; x_wconf 86' lang='lat' dir='ltr'>atque</span> <span class='ocrx_word' id='word_1_53' title='bbox 555 809 631 849; x_wconf 88' lang='lat' dir='ltr'>per</span> <span class='ocrx_word' id='word_1_54' title='bbox 661 808 732 835; x_wconf 83' lang='lat' dir='ltr'>aes</span> <span class='ocrx_word' id='word_1_55' title='bbox 762 793 914 850; x_wconf 85' lang='lat' dir='ltr'>agitat,</span> <span class='ocrx_word' id='word_1_56' title='bbox 945 793 1037 835; x_wconf 87' lang='lat' dir='ltr'>sine</span> <span class='ocrx_word' id='word_1_57' title='bbox 1069 808 1117 834; x_wconf 93' lang='lat' dir='ltr'>eo</span> <span class='ocrx_word' id='word_1_58' title='bbox 1149 793 1263 849; x_wconf 90' lang='lat' dir='ltr'>quod</span> <span class='ocrx_word' id='word_1_59' title='bbox 1295 808 1420 849; x_wconf 89' lang='lat' dir='ltr'>saepe</span> <span class='ocrx_word' id='word_1_60' title='bbox 1453 793 1652 836; x_wconf 89' lang='lat' dir='ltr'>resorbet.</span> <span class='ocrx_word' id='word_1_61' title='bbox 1779 805 1881 848; x_wconf 88' lang='lat'>1055</span> 
     </span>
     <span class='ocr_line' id='line_1_10' title="bbox 393 862 1504 918; baseline -0.001 -12"><span class='ocrx_word' id='word_1_62' title='bbox 393 864 502 906; x_wconf 90' lang='lat' dir='ltr'>illud</span> <span class='ocrx_word' id='word_1_63' title='bbox 534 864 579 905; x_wconf 89' lang='lat' dir='ltr'>in</span> <span class='ocrx_word' id='word_1_64' title='bbox 611 863 677 905; x_wconf 89' lang='lat' dir='ltr'>his</span> <span class='ocrx_word' id='word_1_65' title='bbox 707 863 835 904; x_wconf 88' lang='lat' dir='ltr'>rebus</span> <span class='ocrx_word' id='word_1_66' title='bbox 867 862 1013 903; x_wconf 81' lang='lat' dir='ltr'>mirari</span> <span class='ocrx_word' id='word_1_67' title='bbox 1045 863 1185 912; x_wconf 89' lang='lat' dir='ltr'>mitte,</span> <span class='ocrx_word' id='word_1_68' title='bbox 1216 863 1329 918; x_wconf 85' lang='lat' dir='ltr'>quod</span> <span class='ocrx_word' id='word_1_69' title='bbox 1360 869 1504 905; x_wconf 89' lang='lat' dir='ltr'>aestus</span> 
     </span>
     <span class='ocr_line' id='line_1_11' title="bbox 394 930 1595 987; baseline 0 -13"><span class='ocrx_word' id='word_1_70' title='bbox 394 948 480 975; x_wconf 89' lang='lat' dir='ltr'>non</span> <span class='ocrx_word' id='word_1_71' title='bbox 511 933 626 974; x_wconf 86' lang='lat' dir='ltr'>valet</span> <span class='ocrx_word' id='word_1_72' title='bbox 658 947 681 973; x_wconf 91' lang='lat' dir='ltr'>e</span> <span class='ocrx_word' id='word_1_73' title='bbox 712 930 855 987; x_wconf 90' lang='lat' dir='ltr'>lapide</span> <span class='ocrx_word' id='word_1_74' title='bbox 887 931 966 972; x_wconf 91' lang='lat' dir='ltr'>hoc</span> <span class='ocrx_word' id='word_1_75' title='bbox 997 931 1102 972; x_wconf 86' lang='lat' dir='ltr'>alias</span> <span class='ocrx_word' id='word_1_76' title='bbox 1133 931 1352 986; x_wconf 84' lang='lat' dir='ltr'>impellere</span> <span class='ocrx_word' id='word_1_77' title='bbox 1383 931 1488 973; x_wconf 81' lang='lat' dir='ltr'>item</span> <span class='ocrx_word' id='word_1_78' title='bbox 1521 947 1595 974; x_wconf 78' lang='lat' dir='ltr'>res,</span> 
     </span>
     <span class='ocr_line' id='line_1_12' title="bbox 394 1000 1791 1058; baseline -0.001 -14"><span class='ocrx_word' id='word_1_79' title='bbox 394 1003 580 1058; x_wconf 89' lang='lat' dir='ltr'>pondere</span> <span class='ocrx_word' id='word_1_80' title='bbox 612 1001 727 1043; x_wconf 86' lang='lat' dir='ltr'>enim</span> <span class='ocrx_word' id='word_1_81' title='bbox 760 1001 893 1042; x_wconf 85' lang='lat' dir='ltr'>fretae</span> <span class='ocrx_word' id='word_1_82' title='bbox 925 1000 1084 1056; x_wconf 89' lang='lat' dir='ltr'>partim</span> <span class='ocrx_word' id='word_1_83' title='bbox 1115 1006 1259 1042; x_wconf 84' lang='lat' dir='ltr'>stant:</span> <span class='ocrx_word' id='word_1_84' title='bbox 1302 1001 1414 1056; x_wconf 89' lang='lat' dir='ltr'>quod</span> <span class='ocrx_word' id='word_1_85' title='bbox 1446 1015 1582 1057; x_wconf 87' lang='lat' dir='ltr'>genus</span> <span class='ocrx_word' id='word_1_86' title='bbox 1613 1016 1791 1053; x_wconf 84' lang='lat' dir='ltr'>aurum3</span> 
     </span>
     <span class='ocr_line' id='line_1_13' title="bbox 394 1070 1620 1127; baseline -0.002 -13"><span class='ocrx_word' id='word_1_87' title='bbox 394 1078 439 1114; x_wconf 92' lang='lat' dir='ltr'>et</span> <span class='ocrx_word' id='word_1_88' title='bbox 470 1071 625 1127; x_wconf 88' lang='lat' dir='ltr'>partim</span> <span class='ocrx_word' id='word_1_89' title='bbox 658 1084 752 1112; x_wconf 85' lang='lat' dir='ltr'>raro</span> <span class='ocrx_word' id='word_1_90' title='bbox 782 1070 885 1125; x_wconf 86' lang='lat' dir='ltr'>quia</span> <span class='ocrx_word' id='word_1_91' title='bbox 916 1075 1018 1111; x_wconf 90' lang='lat' dir='ltr'>sunt</span> <span class='ocrx_word' id='word_1_92' title='bbox 1049 1084 1146 1111; x_wconf 89' lang='lat' dir='ltr'>cum</span> <span class='ocrx_word' id='word_1_93' title='bbox 1178 1084 1362 1125; x_wconf 88' lang='lat' dir='ltr'>corpore,</span> <span class='ocrx_word' id='word_1_94' title='bbox 1395 1075 1445 1111; x_wconf 91' lang='lat' dir='ltr'>ut</span> <span class='ocrx_word' id='word_1_95' title='bbox 1476 1075 1620 1112; x_wconf 86' lang='lat' dir='ltr'>aestus</span> 
     </span>
     <span class='ocr_line' id='line_1_14' title="bbox 395 1139 1888 1196; baseline -0.001 -13"><span class='ocrx_word' id='word_1_96' title='bbox 395 1141 587 1196; x_wconf 92' lang='lat' dir='ltr'>pervolet</span> <span class='ocrx_word' id='word_1_97' title='bbox 618 1141 820 1190; x_wconf 88' lang='lat' dir='ltr'>intactus,</span> <span class='ocrx_word' id='word_1_98' title='bbox 851 1145 1076 1195; x_wconf 88' lang='lat' dir='ltr'>nequeunt</span> <span class='ocrx_word' id='word_1_99' title='bbox 1106 1139 1305 1195; x_wconf 87' lang='lat' dir='ltr'>inpellier</span> <span class='ocrx_word' id='word_1_100' title='bbox 1335 1153 1541 1195; x_wconf 81' lang='lat' dir='ltr'>usquam3</span> <span class='ocrx_word' id='word_1_101' title='bbox 1779 1141 1888 1182; x_wconf 90' lang='lat'>1060</span> 
     </span>
     <span class='ocr_line' id='line_1_15' title="bbox 394 1208 1484 1268; baseline -0.002 -16"><span class='ocrx_word' id='word_1_102' title='bbox 394 1211 537 1268; x_wconf 88' lang='lat' dir='ltr'>lignea</span> <span class='ocrx_word' id='word_1_103' title='bbox 567 1210 769 1252; x_wconf 82' lang='lat' dir='ltr'>materies</span> <span class='ocrx_word' id='word_1_104' title='bbox 801 1210 846 1250; x_wconf 89' lang='lat' dir='ltr'>in</span> <span class='ocrx_word' id='word_1_105' title='bbox 878 1224 961 1265; x_wconf 92' lang='lat' dir='ltr'>quo</span> <span class='ocrx_word' id='word_1_106' title='bbox 991 1223 1148 1265; x_wconf 86' lang='lat' dir='ltr'>genere</span> <span class='ocrx_word' id='word_1_107' title='bbox 1180 1223 1270 1250; x_wconf 90' lang='lat' dir='ltr'>esse</span> <span class='ocrx_word' id='word_1_108' title='bbox 1304 1208 1484 1250; x_wconf 90' lang='lat' dir='ltr'>videtur.</span> 
     </span>
     <span class='ocr_line' id='line_1_16' title="bbox 393 1278 1370 1335; baseline -0.003 -13"><span class='ocrx_word' id='word_1_109' title='bbox 393 1280 713 1335; x_wconf 86' lang='lat' dir='ltr'>interutrasque</span> <span class='ocrx_word' id='word_1_110' title='bbox 748 1279 881 1335; x_wconf 85' lang='lat' dir='ltr'>igitur</span> <span class='ocrx_word' id='word_1_111' title='bbox 913 1278 1012 1320; x_wconf 87' lang='lat' dir='ltr'>ferri</span> <span class='ocrx_word' id='word_1_112' title='bbox 1043 1286 1199 1320; x_wconf 86' lang='lat' dir='ltr'>natura</span> <span class='ocrx_word' id='word_1_113' title='bbox 1231 1278 1370 1320; x_wconf 88' lang='lat' dir='ltr'>locata</span> 
     </span>
     <span class='ocr_line' id='line_1_17' title="bbox 394 1347 1564 1404; baseline -0.003 -12"><span class='ocrx_word' id='word_1_114' title='bbox 394 1350 503 1392; x_wconf 87' lang='lat' dir='ltr'>aeris</span> <span class='ocrx_word' id='word_1_115' title='bbox 533 1350 609 1391; x_wconf 92' lang='lat' dir='ltr'>ubi</span> <span class='ocrx_word' id='word_1_116' title='bbox 638 1349 803 1404; x_wconf 84' lang='lat' dir='ltr'>accepit</span> <span class='ocrx_word' id='word_1_117' title='bbox 835 1347 1046 1404; x_wconf 82' lang='lat' dir='ltr'>quaedam</span> <span class='ocrx_word' id='word_1_118' title='bbox 1078 1347 1342 1403; x_wconf 87' lang='lat' dir='ltr'>corpuscula,</span> <span class='ocrx_word' id='word_1_119' title='bbox 1376 1354 1470 1389; x_wconf 89' lang='lat' dir='ltr'>tum</span> <span class='ocrx_word' id='word_1_120' title='bbox 1503 1347 1564 1397; x_wconf 92' lang='lat' dir='ltr'>fit,</span> 
     </span>
     <span class='ocr_line' id='line_1_18' title="bbox 393 1416 1423 1474; baseline -0.003 -14"><span class='ocrx_word' id='word_1_121' title='bbox 393 1419 605 1474; x_wconf 89' lang='lat' dir='ltr'>inpellant</span> <span class='ocrx_word' id='word_1_122' title='bbox 637 1424 686 1459; x_wconf 87' lang='lat' dir='ltr'>ut</span> <span class='ocrx_word' id='word_1_123' title='bbox 718 1432 813 1459; x_wconf 87' lang='lat' dir='ltr'>eam</span> <span class='ocrx_word' id='word_1_124' title='bbox 846 1416 1070 1472; x_wconf 81' lang='lat' dir='ltr'>Magnesia</span> <span class='ocrx_word' id='word_1_125' title='bbox 1100 1416 1279 1457; x_wconf 88' lang='lat' dir='ltr'>flumine</span> <span class='ocrx_word' id='word_1_126' title='bbox 1310 1430 1423 1457; x_wconf 83' lang='lat' dir='ltr'>saxa.</span> 
     </span>
     <span class='ocr_line' id='line_1_19' title="bbox 453 1485 1881 1538; baseline -0.002 -8"><span class='ocrx_word' id='word_1_127' title='bbox 453 1487 546 1530; x_wconf 90' lang='lat' dir='ltr'>Nec</span> <span class='ocrx_word' id='word_1_128' title='bbox 577 1494 724 1529; x_wconf 89' lang='lat' dir='ltr'>tamen</span> <span class='ocrx_word' id='word_1_129' title='bbox 755 1487 860 1529; x_wconf 90' lang='lat' dir='ltr'>haec</span> <span class='ocrx_word' id='word_1_130' title='bbox 890 1487 954 1528; x_wconf 87' lang='lat' dir='ltr'>ita</span> <span class='ocrx_word' id='word_1_131' title='bbox 984 1491 1086 1527; x_wconf 92' lang='lat' dir='ltr'>sunt</span> <span class='ocrx_word' id='word_1_132' title='bbox 1117 1485 1297 1527; x_wconf 87' lang='lat' dir='ltr'>aliarum</span> <span class='ocrx_word' id='word_1_133' title='bbox 1330 1500 1472 1526; x_wconf 88' lang='lat' dir='ltr'>rerum</span> <span class='ocrx_word' id='word_1_134' title='bbox 1504 1485 1655 1534; x_wconf 85' lang='lat' dir='ltr'>aliena,</span> <span class='ocrx_word' id='word_1_135' title='bbox 1778 1487 1881 1538; x_wconf 87' lang='lat'><strong>1065</strong></span> 
     </span>
     <span class='ocr_line' id='line_1_20' title="bbox 395 1555 1689 1612; baseline -0.002 -13"><span class='ocrx_word' id='word_1_136' title='bbox 395 1563 447 1600; x_wconf 90' lang='lat' dir='ltr'>ut</span> <span class='ocrx_word' id='word_1_137' title='bbox 477 1557 585 1599; x_wconf 88' lang='lat' dir='ltr'>mihi</span> <span class='ocrx_word' id='word_1_138' title='bbox 616 1557 756 1598; x_wconf 87' lang='lat' dir='ltr'>multa</span> <span class='ocrx_word' id='word_1_139' title='bbox 786 1571 939 1612; x_wconf 87' lang='lat' dir='ltr'>parum</span> <span class='ocrx_word' id='word_1_140' title='bbox 970 1570 1127 1612; x_wconf 86' lang='lat' dir='ltr'>genere</span> <span class='ocrx_word' id='word_1_141' title='bbox 1160 1570 1212 1597; x_wconf 82' lang='lat' dir='ltr'>ex</span> <span class='ocrx_word' id='word_1_142' title='bbox 1245 1555 1323 1596; x_wconf 91' lang='lat' dir='ltr'>hoc</span> <span class='ocrx_word' id='word_1_143' title='bbox 1354 1555 1689 1611; x_wconf 74' lang='lat' dir='ltr'>suppeditentur</span> 
     </span>
     <span class='ocr_line' id='line_1_21' title="bbox 394 1625 1598 1684; baseline -0.002 -15"><span class='ocrx_word' id='word_1_144' title='bbox 394 1642 504 1684; x_wconf 90' lang='lat' dir='ltr'>quae</span> <span class='ocrx_word' id='word_1_145' title='bbox 536 1640 770 1668; x_wconf 86' lang='lat' dir='ltr'>memorare</span> <span class='ocrx_word' id='word_1_146' title='bbox 803 1640 958 1681; x_wconf 81' lang='lat' dir='ltr'>queam</span> <span class='ocrx_word' id='word_1_147' title='bbox 989 1625 1104 1666; x_wconf 86' lang='lat' dir='ltr'>inter</span> <span class='ocrx_word' id='word_1_148' title='bbox 1134 1640 1178 1667; x_wconf 85' lang='lat' dir='ltr'>se</span> <span class='ocrx_word' id='word_1_149' title='bbox 1210 1625 1456 1681; x_wconf 76' lang='lat' dir='ltr'>singlariter</span> <span class='ocrx_word' id='word_1_150' title='bbox 1487 1631 1598 1681; x_wconf 87' lang='lat' dir='ltr'>apta.</span> 
     </span>
     <span class='ocr_line' id='line_1_22' title="bbox 395 1694 1386 1751; baseline -0.001 -13"><span class='ocrx_word' id='word_1_151' title='bbox 395 1711 497 1738; x_wconf 83' lang='lat' dir='ltr'>saxa</span> <span class='ocrx_word' id='word_1_152' title='bbox 528 1696 647 1738; x_wconf 85' lang='lat' dir='ltr'>vides</span> <span class='ocrx_word' id='word_1_153' title='bbox 678 1696 867 1751; x_wconf 85' lang='lat' dir='ltr'>primum</span> <span class='ocrx_word' id='word_1_154' title='bbox 899 1695 988 1736; x_wconf 84' lang='lat' dir='ltr'>sola</span> <span class='ocrx_word' id='word_1_155' title='bbox 1018 1695 1226 1736; x_wconf 87' lang='lat' dir='ltr'>colescere</span> <span class='ocrx_word' id='word_1_156' title='bbox 1259 1694 1386 1737; x_wconf 83' lang='lat' dir='ltr'>calce.</span> 
     </span>
     <span class='ocr_line' id='line_1_23' title="bbox 395 1764 1358 1824; baseline -0.003 -15"><span class='ocrx_word' id='word_1_157' title='bbox 395 1767 564 1824; x_wconf 86' lang='lat' dir='ltr'>glutine</span> <span class='ocrx_word' id='word_1_158' title='bbox 596 1766 798 1807; x_wconf 81' lang='lat' dir='ltr'>materies</span> <span class='ocrx_word' id='word_1_159' title='bbox 829 1765 1001 1807; x_wconf 86' lang='lat' dir='ltr'>taurino</span> <span class='ocrx_word' id='word_1_160' title='bbox 1032 1764 1230 1821; x_wconf 87' lang='lat' dir='ltr'>iungitur</span> <span class='ocrx_word' id='word_1_161' title='bbox 1261 1779 1358 1813; x_wconf 86' lang='lat' dir='ltr'>uno,</span> 
     </span>
     <span class='ocr_line' id='line_1_24' title="bbox 396 1832 1888 1889; baseline -0.002 -12"><span class='ocrx_word' id='word_1_162' title='bbox 396 1842 447 1877; x_wconf 91' lang='lat' dir='ltr'>ut</span> <span class='ocrx_word' id='word_1_163' title='bbox 478 1836 584 1877; x_wconf 88' lang='lat' dir='ltr'>vitio</span> <span class='ocrx_word' id='word_1_164' title='bbox 617 1849 750 1876; x_wconf 87' lang='lat' dir='ltr'>venae</span> <span class='ocrx_word' id='word_1_165' title='bbox 784 1834 1029 1875; x_wconf 87' lang='lat' dir='ltr'>tabularum</span> <span class='ocrx_word' id='word_1_166' title='bbox 1062 1832 1233 1889; x_wconf 87' lang='lat' dir='ltr'>saepius</span> <span class='ocrx_word' id='word_1_167' title='bbox 1264 1832 1433 1875; x_wconf 89' lang='lat' dir='ltr'>hiscant</span> <span class='ocrx_word' id='word_1_168' title='bbox 1780 1844 1888 1884; x_wconf 93' lang='lat'>1070</span> 
     </span>
     <span class='ocr_line' id='line_1_25' title="bbox 395 1900 1514 1960; baseline -0.003 -14"><span class='ocrx_word' id='word_1_169' title='bbox 395 1919 524 1960; x_wconf 90' lang='lat' dir='ltr'>quam</span> <span class='ocrx_word' id='word_1_170' title='bbox 557 1904 699 1944; x_wconf 81' lang='lat' dir='ltr'>laxare</span> <span class='ocrx_word' id='word_1_171' title='bbox 731 1907 894 1957; x_wconf 86' lang='lat' dir='ltr'>queant</span> <span class='ocrx_word' id='word_1_172' title='bbox 925 1916 1152 1957; x_wconf 84' lang='lat' dir='ltr'>compages</span> <span class='ocrx_word' id='word_1_173' title='bbox 1184 1907 1335 1943; x_wconf 87' lang='lat' dir='ltr'>taurea</span> <span class='ocrx_word' id='word_1_174' title='bbox 1365 1900 1514 1943; x_wconf 87' lang='lat' dir='ltr'>vincla.</span> 
     </span>
     <span class='ocr_line' id='line_1_26' title="bbox 397 1971 1339 2030; baseline -0.004 -14"><span class='ocrx_word' id='word_1_175' title='bbox 397 1973 582 2030; x_wconf 86' lang='lat' dir='ltr'>vitigeni</span> <span class='ocrx_word' id='word_1_176' title='bbox 614 1973 763 2014; x_wconf 86' lang='lat' dir='ltr'>latices</span> <span class='ocrx_word' id='word_1_177' title='bbox 794 1971 923 2027; x_wconf 81' lang='lat' dir='ltr'>aquai</span> <span class='ocrx_word' id='word_1_178' title='bbox 955 1971 1146 2013; x_wconf 88' lang='lat' dir='ltr'>fontibus</span> <span class='ocrx_word' id='word_1_179' title='bbox 1176 1971 1339 2013; x_wconf 88' lang='lat' dir='ltr'>audent</span> 
     </span>
     <span class='ocr_line' id='line_1_27' title="bbox 395 2039 1603 2096; baseline -0.003 -10"><span class='ocrx_word' id='word_1_180' title='bbox 395 2043 574 2092; x_wconf 87' lang='lat' dir='ltr'>misceri,</span> <span class='ocrx_word' id='word_1_181' title='bbox 606 2057 704 2083; x_wconf 90' lang='lat' dir='ltr'>cum</span> <span class='ocrx_word' id='word_1_182' title='bbox 736 2041 808 2096; x_wconf 80' lang='lat' dir='ltr'>pix</span> <span class='ocrx_word' id='word_1_183' title='bbox 840 2046 1030 2096; x_wconf 87' lang='lat' dir='ltr'>nequeat</span> <span class='ocrx_word' id='word_1_184' title='bbox 1060 2040 1204 2096; x_wconf 87' lang='lat' dir='ltr'>gravis</span> <span class='ocrx_word' id='word_1_185' title='bbox 1235 2046 1280 2082; x_wconf 94' lang='lat' dir='ltr'>et</span> <span class='ocrx_word' id='word_1_186' title='bbox 1311 2040 1404 2082; x_wconf 92' lang='lat' dir='ltr'>leve</span> <span class='ocrx_word' id='word_1_187' title='bbox 1435 2039 1603 2082; x_wconf 81' lang='lat' dir='ltr'>clivom.</span> 
     </span>
     <span class='ocr_line' id='line_1_28' title="bbox 395 2109 1434 2169; baseline -0.004 -15"><span class='ocrx_word' id='word_1_188' title='bbox 395 2125 721 2169; x_wconf 87' lang='lat' dir='ltr'>purpureusque</span> <span class='ocrx_word' id='word_1_189' title='bbox 753 2110 864 2152; x_wconf 85' lang='lat' dir='ltr'>colos</span> <span class='ocrx_word' id='word_1_190' title='bbox 895 2109 1089 2165; x_wconf 84' lang='lat' dir='ltr'>conchyli</span> <span class='ocrx_word' id='word_1_191' title='bbox 1120 2110 1317 2166; x_wconf 84' lang='lat' dir='ltr'>iungitur</span> <span class='ocrx_word' id='word_1_192' title='bbox 1347 2124 1434 2150; x_wconf 88' lang='lat' dir='ltr'>uno</span> 
     </span>
     <span class='ocr_line' id='line_1_29' title="bbox 396 2176 1882 2236; baseline -0.002 -15"><span class='ocrx_word' id='word_1_193' title='bbox 396 2194 567 2236; x_wconf 88' lang='lat' dir='ltr'>corpore</span> <span class='ocrx_word' id='word_1_194' title='bbox 599 2194 697 2220; x_wconf 88' lang='lat' dir='ltr'>cum</span> <span class='ocrx_word' id='word_1_195' title='bbox 729 2178 862 2226; x_wconf 86' lang='lat' dir='ltr'>lanae,</span> <span class='ocrx_word' id='word_1_196' title='bbox 894 2176 1038 2218; x_wconf 88' lang='lat' dir='ltr'>dirimi</span> <span class='ocrx_word' id='word_1_197' title='bbox 1069 2177 1144 2232; x_wconf 87' lang='lat' dir='ltr'>qui</span> <span class='ocrx_word' id='word_1_198' title='bbox 1175 2192 1261 2218; x_wconf 88' lang='lat' dir='ltr'>non</span> <span class='ocrx_word' id='word_1_199' title='bbox 1293 2184 1425 2232; x_wconf 90' lang='lat' dir='ltr'>queat</span> <span class='ocrx_word' id='word_1_200' title='bbox 1457 2191 1651 2232; x_wconf 88' lang='lat' dir='ltr'>usquam,</span> <span class='ocrx_word' id='word_1_201' title='bbox 1779 2186 1882 2229; x_wconf 87' lang='lat'>1075</span> 
     </span>
     <span class='ocr_line' id='line_1_30' title="bbox 396 2244 1503 2302; baseline -0.003 -13"><span class='ocrx_word' id='word_1_202' title='bbox 396 2263 481 2289; x_wconf 89' lang='lat' dir='ltr'>non</span> <span class='ocrx_word' id='word_1_203' title='bbox 512 2247 548 2289; x_wconf 91' lang='lat' dir='ltr'>si</span> <span class='ocrx_word' id='word_1_204' title='bbox 578 2246 778 2302; x_wconf 90' lang='lat' dir='ltr'>Neptuni</span> <span class='ocrx_word' id='word_1_205' title='bbox 809 2246 944 2287; x_wconf 86' lang='lat' dir='ltr'>fluctu</span> <span class='ocrx_word' id='word_1_206' title='bbox 976 2260 1180 2287; x_wconf 84' lang='lat' dir='ltr'>renovare</span> <span class='ocrx_word' id='word_1_207' title='bbox 1211 2260 1385 2301; x_wconf 91' lang='lat' dir='ltr'>operam</span> <span class='ocrx_word' id='word_1_208' title='bbox 1417 2244 1503 2294; x_wconf 89' lang='lat' dir='ltr'>des,</span> 
     </span>
     <span class='ocr_line' id='line_1_31' title="bbox 397 2313 1592 2366; baseline -0.003 -8"><span class='ocrx_word' id='word_1_209' title='bbox 397 2332 493 2366; x_wconf 85' lang='lat' dir='ltr'>non,</span> <span class='ocrx_word' id='word_1_210' title='bbox 523 2331 640 2358; x_wconf 86' lang='lat' dir='ltr'>mare</span> <span class='ocrx_word' id='word_1_211' title='bbox 670 2315 707 2357; x_wconf 88' lang='lat' dir='ltr'>si</span> <span class='ocrx_word' id='word_1_212' title='bbox 736 2322 880 2356; x_wconf 88' lang='lat' dir='ltr'>totum</span> <span class='ocrx_word' id='word_1_213' title='bbox 912 2314 1017 2355; x_wconf 91' lang='lat' dir='ltr'>velit</span> <span class='ocrx_word' id='word_1_214' title='bbox 1048 2314 1191 2356; x_wconf 87' lang='lat' dir='ltr'>eluere</span> <span class='ocrx_word' id='word_1_215' title='bbox 1222 2314 1422 2355; x_wconf 86' lang='lat' dir='ltr'>omnibus</span> <span class='ocrx_word' id='word_1_216' title='bbox 1454 2313 1592 2355; x_wconf 86' lang='lat' dir='ltr'>undis.</span> 
     </span>
    </p>
   </div>
   <div class='ocr_carea' id='block_1_3' title="bbox 281 2482 1888 2630">
    <p class='ocr_par' dir='ltr' id='par_1_3' title="bbox 281 2482 1888 2630">
     <span class='ocr_line' id='line_1_32' title="bbox 281 2482 1887 2526; baseline -0.001 -9"><span class='ocrx_word' id='word_1_217' title='bbox 281 2487 333 2517; x_wconf 76' lang='lat' dir='ltr'>Ad</span> <span class='ocrx_word' id='word_1_218' title='bbox 348 2486 377 2517; x_wconf 87' lang='lat' dir='ltr'>A</span> <span class='ocrx_word' id='word_1_219' title='bbox 392 2495 424 2526; x_wconf 87' lang='lat' dir='ltr'>p.</span> <span class='ocrx_word' id='word_1_220' title='bbox 437 2495 484 2516; x_wconf 91' lang='lat' dir='ltr'>m.</span> <span class='ocrx_word' id='word_1_221' title='bbox 528 2486 576 2516; x_wconf 81' lang='lat' dir='ltr'>Ac</span> <span class='ocrx_word' id='word_1_222' title='bbox 593 2484 686 2515; x_wconf 88' lang='lat' dir='ltr'>Nicc.</span> <span class='ocrx_word' id='word_1_223' title='bbox 703 2483 795 2515; x_wconf 89' lang='lat' dir='ltr'>Flor.</span> <span class='ocrx_word' id='word_1_224' title='bbox 813 2484 852 2514; x_wconf 91' lang='lat'>31</span> <span class='ocrx_word' id='word_1_225' title='bbox 871 2483 989 2515; x_wconf 61' lang='lat' dir='ltr'>Camb-</span> <span class='ocrx_word' id='word_1_226' title='bbox 1007 2483 1099 2515; x_wconf 87' lang='lat' dir='ltr'>Mon.</span> <span class='ocrx_word' id='word_1_227' title='bbox 1119 2483 1208 2521; x_wconf 85' lang='lat' dir='ltr'>vulg.</span> <span class='ocrx_word' id='word_1_228' title='bbox 1351 2482 1433 2513; x_wconf 82' lang='grc'>1062</span> <span class='ocrx_word' id='word_1_229' title='bbox 1451 2484 1712 2522; x_wconf 78' lang='lat' dir='ltr'>Interutrasque.</span> <span class='ocrx_word' id='word_1_230' title='bbox 1757 2483 1887 2515; x_wconf 78' lang='lat' dir='ltr'>Intera-</span> 
     </span>
     <span class='ocr_line' id='line_1_33' title="bbox 282 2536 1888 2581; baseline -0.001 -9"><span class='ocrx_word' id='word_1_231' title='bbox 282 2546 398 2581; x_wconf 78' lang='lat' dir='ltr'>traque</span> <span class='ocrx_word' id='word_1_232' title='bbox 413 2539 519 2571; x_wconf 80' lang='lat' dir='ltr'>Lach.</span> <span class='ocrx_word' id='word_1_233' title='bbox 684 2538 768 2569; x_wconf 86' lang='grc'>1064</span> <span class='ocrx_word' id='word_1_234' title='bbox 784 2548 855 2569; x_wconf 83' lang='lat' dir='ltr'>eam</span> <span class='ocrx_word' id='word_1_235' title='bbox 872 2537 958 2569; x_wconf 83' lang='lat' dir='ltr'>Mar.</span> <span class='ocrx_word' id='word_1_236' title='bbox 974 2537 1050 2568; x_wconf 86' lang='lat' dir='ltr'>Ald.</span> <span class='ocrx_word' id='word_1_237' title='bbox 1070 2538 1087 2568; x_wconf 88' lang='lat'>1</span> <span class='ocrx_word' id='word_1_238' title='bbox 1105 2537 1201 2568; x_wconf 83' lang='lat' dir='ltr'>Junt.</span> <span class='ocrx_word' id='word_1_239' title='bbox 1219 2537 1270 2568; x_wconf 87' lang='lat' dir='ltr'>for</span> <span class='ocrx_word' id='word_1_240' title='bbox 1285 2547 1369 2568; x_wconf 80' lang='lat' dir='ltr'>eum.</span> <span class='ocrx_word' id='word_1_241' title='bbox 1407 2538 1549 2578; x_wconf 80' lang='lat' dir='ltr'>flumine</span> <span class='ocrx_word' id='word_1_242' title='bbox 1565 2536 1658 2568; x_wconf 81' lang='lat' dir='ltr'>Nice.</span> <span class='ocrx_word' id='word_1_243' title='bbox 1675 2537 1766 2569; x_wconf 89' lang='lat' dir='ltr'>Flor.</span> <span class='ocrx_word' id='word_1_244' title='bbox 1783 2538 1824 2569; x_wconf 88' lang='grc'>31</span> <span class='ocrx_word' id='word_1_245' title='bbox 1841 2538 1888 2570; x_wconf 83' lang='lat' dir='ltr'>all</span> 
     </span>
     <span class='ocr_line' id='line_1_34' title="bbox 283 2589 1886 2630; baseline -0.001 -7"><span class='ocrx_word' id='word_1_246' title='bbox 283 2592 358 2624; x_wconf 84' lang='lat' dir='ltr'>Vat.</span> <span class='ocrx_word' id='word_1_247' title='bbox 375 2592 467 2624; x_wconf 81' lang='lat' dir='ltr'>Brix.</span> <span class='ocrx_word' id='word_1_248' title='bbox 487 2591 563 2622; x_wconf 88' lang='lat' dir='ltr'>Ver.</span> <span class='ocrx_word' id='word_1_249' title='bbox 580 2590 666 2621; x_wconf 89' lang='lat' dir='ltr'>Ven.</span> <span class='ocrx_word' id='word_1_250' title='bbox 684 2590 736 2621; x_wconf 89' lang='lat' dir='ltr'>for</span> <span class='ocrx_word' id='word_1_251' title='bbox 752 2591 912 2630; x_wconf 77' lang='lat' dir='ltr'>flumina.</span> <span class='ocrx_word' id='word_1_252' title='bbox 949 2591 1096 2630; x_wconf 81' lang='lat' dir='ltr'>flmnina</span> <span class='ocrx_word' id='word_1_253' title='bbox 1112 2592 1187 2621; x_wconf 75' lang='lat' dir='ltr'>saxi</span> <span class='ocrx_word' id='word_1_254' title='bbox 1204 2589 1300 2621; x_wconf 83' lang='lat' dir='ltr'>Wak.</span> <span class='ocrx_word' id='word_1_255' title='bbox 1482 2589 1566 2621; x_wconf 88' lang='lat'>1067</span> <span class='ocrx_word' id='word_1_256' title='bbox 1581 2590 1779 2628; x_wconf 69' lang='lat' dir='ltr'>singlariter</span> <span class='ocrx_word' id='word_1_257' title='bbox 1792 2589 1886 2622; x_wconf 87' lang='lat' dir='ltr'>Flor.</span> 
     </span>
    </p>
   </div>
   <div class='ocr_carea' id='block_1_4' title="bbox 282 2643 1887 2795">
    <p class='ocr_par' dir='ltr' id='par_1_4' title="bbox 282 2643 1887 2795">
     <span class='ocr_line' id='line_1_35' title="bbox 282 2643 1887 2685; baseline 0 -8"><span class='ocrx_word' id='word_1_258' title='bbox 282 2647 323 2677; x_wconf 89' lang='lat'>31</span> <span class='ocrx_word' id='word_1_259' title='bbox 350 2646 451 2677; x_wconf 89' lang='lat' dir='ltr'>Pont.</span> <span class='ocrx_word' id='word_1_260' title='bbox 479 2645 605 2676; x_wconf 85' lang='lat' dir='ltr'>Avanc.</span> <span class='ocrx_word' id='word_1_261' title='bbox 632 2645 779 2684; x_wconf 84' lang='lat' dir='ltr'>Nauger.</span> <span class='ocrx_word' id='word_1_262' title='bbox 806 2644 898 2684; x_wconf 76' lang='lat' dir='ltr'>vulg.</span> <span class='ocrx_word' id='word_1_263' title='bbox 925 2643 977 2674; x_wconf 85' lang='lat' dir='ltr'>for</span> <span class='ocrx_word' id='word_1_264' title='bbox 1003 2645 1237 2684; x_wconf 61' lang='lat' dir='ltr'>singulariter:</span> <span class='ocrx_word' id='word_1_265' title='bbox 1277 2653 1387 2684; x_wconf 83' lang='lat' dir='ltr'>comp.</span> <span class='ocrx_word' id='word_1_266' title='bbox 1424 2643 1508 2675; x_wconf 85' lang='grc'>1088</span> <span class='ocrx_word' id='word_1_267' title='bbox 1539 2644 1672 2683; x_wconf 78' lang='lat' dir='ltr'>coplata</span> <span class='ocrx_word' id='word_1_268' title='bbox 1701 2643 1760 2674; x_wconf 89' lang='lat' dir='ltr'>AB</span> <span class='ocrx_word' id='word_1_269' title='bbox 1789 2653 1823 2685; x_wconf 87' lang='lat' dir='ltr'>p.</span> <span class='ocrx_word' id='word_1_270' title='bbox 1840 2655 1887 2677; x_wconf 91' lang='lat' dir='ltr'>m.</span> 
     </span>
     <span class='ocr_line' id='line_1_36' title="bbox 283 2697 1885 2741; baseline -0.001 -9"><span class='ocrx_word' id='word_1_271' title='bbox 283 2703 437 2741; x_wconf 73' lang='lat' dir='ltr'>copulata</span> <span class='ocrx_word' id='word_1_272' title='bbox 452 2710 538 2732; x_wconf 86' lang='lat' dir='ltr'>corr.</span> <span class='ocrx_word' id='word_1_273' title='bbox 583 2701 670 2731; x_wconf 79' lang='lat' dir='ltr'>inter</span> <span class='ocrx_word' id='word_1_274' title='bbox 685 2700 911 2738; x_wconf 74' lang='lat' dir='ltr'>sinyillariter</span> <span class='ocrx_word' id='word_1_275' title='bbox 927 2698 1031 2730; x_wconf 85' lang='lat' dir='ltr'>Lach.</span> <span class='ocrx_word' id='word_1_276' title='bbox 1045 2711 1052 2731; x_wconf 92' lang='lat'><strong>:</strong></span> <span class='ocrx_word' id='word_1_277' title='bbox 1076 2708 1096 2730; x_wconf 87' lang='lat' dir='ltr'>a</span> <span class='ocrx_word' id='word_1_278' title='bbox 1110 2701 1200 2729; x_wconf 85' lang='lat' dir='ltr'>most</span> <span class='ocrx_word' id='word_1_279' title='bbox 1217 2697 1475 2738; x_wconf 82' lang='lat' dir='ltr'>unrhythmical</span> <span class='ocrx_word' id='word_1_280' title='bbox 1491 2707 1596 2729; x_wconf 87' lang='lat' dir='ltr'>verse.</span> <span class='ocrx_word' id='word_1_281' title='bbox 1643 2702 1725 2738; x_wconf 81' lang='lat' dir='ltr'>apta</span> <span class='ocrx_word' id='word_1_282' title='bbox 1738 2697 1830 2731; x_wconf 87' lang='lat' dir='ltr'>Flor.</span> <span class='ocrx_word' id='word_1_283' title='bbox 1844 2699 1885 2730; x_wconf 88' lang='lat'>31</span> 
     </span>
     <span class='ocr_line' id='line_1_37' title="bbox 283 2753 1886 2795; baseline -0.001 -7"><span class='ocrx_word' id='word_1_284' title='bbox 283 2756 399 2788; x_wconf 80' lang='lat' dir='ltr'>Camb.</span> <span class='ocrx_word' id='word_1_285' title='bbox 417 2758 481 2787; x_wconf 86' lang='lat' dir='ltr'>etc.</span> <span class='ocrx_word' id='word_1_286' title='bbox 498 2756 551 2786; x_wconf 79' lang='lat' dir='ltr'>for</span> <span class='ocrx_word' id='word_1_287' title='bbox 567 2760 691 2795; x_wconf 80' lang='lat' dir='ltr'>aptam.</span> <span class='ocrx_word' id='word_1_288' title='bbox 855 2753 940 2786; x_wconf 84' lang='lat'><strong>1068</strong></span> <span class='ocrx_word' id='word_1_289' title='bbox 955 2755 1047 2785; x_wconf 74' lang='lat' dir='ltr'>vides</span> <span class='ocrx_word' id='word_1_290' title='bbox 1063 2754 1162 2785; x_wconf 84' lang='lat' dir='ltr'>Pont.</span> <span class='ocrx_word' id='word_1_291' title='bbox 1180 2754 1266 2785; x_wconf 87' lang='lat' dir='ltr'>Mar.</span> <span class='ocrx_word' id='word_1_292' title='bbox 1283 2753 1360 2784; x_wconf 86' lang='lat' dir='ltr'>Ald.</span> <span class='ocrx_word' id='word_1_293' title='bbox 1380 2754 1397 2783; x_wconf 94' lang='grc'>1</span> <span class='ocrx_word' id='word_1_294' title='bbox 1414 2753 1512 2784; x_wconf 80' lang='lat' dir='ltr'>Junt.</span> <span class='ocrx_word' id='word_1_295' title='bbox 1530 2753 1582 2784; x_wconf 80' lang='lat' dir='ltr'>for</span> <span class='ocrx_word' id='word_1_296' title='bbox 1597 2753 1684 2784; x_wconf 83' lang='lat' dir='ltr'>vide.</span> <span class='ocrx_word' id='word_1_297' title='bbox 1730 2754 1886 2786; x_wconf 78' lang='lat' dir='ltr'>colescere</span> 
     </span>
    </p>
   </div>
   <div class='ocr_carea' id='block_1_5' title="bbox 217 2806 1888 2857">
    <p class='ocr_par' dir='ltr' id='par_1_5' title="bbox 217 2806 1888 2857">
     <span class='ocr_line' id='line_1_38' title="bbox 217 2806 1888 2857; baseline -0.001 -16"><span class='ocrx_word' id='word_1_298' title='bbox 217 2852 222 2857; x_wconf 87' lang='lat'>.</span> <span class='ocrx_word' id='word_1_299' title='bbox 283 2810 388 2842; x_wconf 84' lang='lat' dir='ltr'>Lach.</span> <span class='ocrx_word' id='word_1_300' title='bbox 406 2810 458 2841; x_wconf 79' lang='lat' dir='ltr'>for</span> <span class='ocrx_word' id='word_1_301' title='bbox 474 2810 660 2841; x_wconf 80' lang='lat' dir='ltr'>coolescere.</span> <span class='ocrx_word' id='word_1_302' title='bbox 706 2810 886 2839; x_wconf 78' lang='lat' dir='ltr'>coalescere</span> <span class='ocrx_word' id='word_1_303' title='bbox 902 2808 995 2839; x_wconf 81' lang='lat' dir='ltr'>Nice.</span> <span class='ocrx_word' id='word_1_304' title='bbox 1014 2808 1102 2840; x_wconf 88' lang='lat' dir='ltr'>Flor.</span> <span class='ocrx_word' id='word_1_305' title='bbox 1122 2809 1160 2838; x_wconf 86' lang='lat'>31</span> <span class='ocrx_word' id='word_1_306' title='bbox 1180 2809 1198 2838; x_wconf 90' lang='lat'><strong>3</strong></span> <span class='ocrx_word' id='word_1_307' title='bbox 1215 2807 1291 2839; x_wconf 79' lang='lat' dir='ltr'>Vat.</span> <span class='ocrx_word' id='word_1_308' title='bbox 1313 2807 1406 2838; x_wconf 84' lang='lat' dir='ltr'>Mon.</span> <span class='ocrx_word' id='word_1_309' title='bbox 1530 2806 1613 2839; x_wconf 86' lang='lat'>1069</span> <span class='ocrx_word' id='word_1_310' title='bbox 1629 2816 1694 2837; x_wconf 79' lang='lat' dir='ltr'>uno</span> <span class='ocrx_word' id='word_1_311' title='bbox 1709 2806 1816 2838; x_wconf 87' lang='lat' dir='ltr'>Lach.</span> <span class='ocrx_word' id='word_1_312' title='bbox 1833 2807 1888 2839; x_wconf 87' lang='lat' dir='ltr'>for</span> 
     </span>
    </p>
   </div>
   <div class='ocr_carea' id='block_1_6' title="bbox 284 2859 1885 3010">
    <p class='ocr_par' dir='ltr' id='par_1_6' title="bbox 284 2859 1885 3010">
     <span class='ocr_line' id='line_1_39' title="bbox 284 2859 1792 2901; baseline -0.003 -6"><span class='ocrx_word' id='word_1_313' title='bbox 284 2874 361 2901; x_wconf 81' lang='lat' dir='ltr'>una,</span> <span class='ocrx_word' id='word_1_314' title='bbox 378 2873 415 2895; x_wconf 86' lang='lat' dir='ltr'>as</span> <span class='ocrx_word' id='word_1_315' title='bbox 432 2863 469 2894; x_wconf 88' lang='lat' dir='ltr'>in</span> <span class='ocrx_word' id='word_1_316' title='bbox 486 2863 585 2895; x_wconf 78' lang='lat'><strong>1074:</strong></span> <span class='ocrx_word' id='word_1_317' title='bbox 610 2862 671 2893; x_wconf 85' lang='lat' dir='ltr'>but</span> <span class='ocrx_word' id='word_1_318' title='bbox 689 2862 775 2893; x_wconf 88' lang='lat' dir='ltr'>Mar.</span> <span class='ocrx_word' id='word_1_319' title='bbox 792 2862 888 2893; x_wconf 80' lang='lat' dir='ltr'>Junt.</span> <span class='ocrx_word' id='word_1_320' title='bbox 906 2862 1025 2893; x_wconf 85' lang='lat' dir='ltr'>Lamb.</span> <span class='ocrx_word' id='word_1_321' title='bbox 1047 2867 1110 2893; x_wconf 86' lang='lat' dir='ltr'>etc.</span> <span class='ocrx_word' id='word_1_322' title='bbox 1128 2861 1225 2893; x_wconf 84' lang='lat' dir='ltr'>there</span> <span class='ocrx_word' id='word_1_323' title='bbox 1240 2861 1321 2892; x_wconf 85' lang='lat' dir='ltr'>read</span> <span class='ocrx_word' id='word_1_324' title='bbox 1339 2871 1424 2893; x_wconf 79' lang='lat' dir='ltr'>una:</span> <span class='ocrx_word' id='word_1_325' title='bbox 1447 2870 1512 2892; x_wconf 80' lang='lat' dir='ltr'>uno</span> <span class='ocrx_word' id='word_1_326' title='bbox 1528 2860 1559 2891; x_wconf 80' lang='lat' dir='ltr'>is</span> <span class='ocrx_word' id='word_1_327' title='bbox 1575 2862 1637 2891; x_wconf 90' lang='lat' dir='ltr'>not</span> <span class='ocrx_word' id='word_1_328' title='bbox 1652 2859 1792 2891; x_wconf 83' lang='lat' dir='ltr'>certain.</span> 
     </span>
     <span class='ocr_line' id='line_1_40' title="bbox 328 2913 1777 2958; baseline -0.002 -10"><span class='ocrx_word' id='word_1_329' title='bbox 328 2918 411 2951; x_wconf 87' lang='grc'>1072</span> <span class='ocrx_word' id='word_1_330' title='bbox 428 2919 543 2957; x_wconf 77' lang='lat' dir='ltr'>aqiiaz&#39;.</span> <span class='ocrx_word' id='word_1_331' title='bbox 590 2919 627 2948; x_wconf 80' lang='lat' dir='ltr'>in</span> <span class='ocrx_word' id='word_1_332' title='bbox 643 2920 746 2958; x_wconf 79' lang='lat' dir='ltr'>aquai</span> <span class='ocrx_word' id='word_1_333' title='bbox 764 2917 848 2948; x_wconf 88' lang='lat' dir='ltr'>Mar.</span> <span class='ocrx_word' id='word_1_334' title='bbox 867 2916 939 2948; x_wconf 83' lang='lat' dir='ltr'>Ald.</span> <span class='ocrx_word' id='word_1_335' title='bbox 961 2918 977 2947; x_wconf 92' lang='lat'><strong>1</strong></span> <span class='ocrx_word' id='word_1_336' title='bbox 996 2917 1092 2948; x_wconf 82' lang='lat' dir='ltr'>Junt.</span> <span class='ocrx_word' id='word_1_337' title='bbox 1109 2916 1199 2956; x_wconf 80' lang='lat' dir='ltr'>vulg.</span> <span class='ocrx_word' id='word_1_338' title='bbox 1217 2915 1384 2955; x_wconf 83' lang='lat' dir='ltr'>wrongly:</span> <span class='ocrx_word' id='word_1_339' title='bbox 1408 2924 1517 2954; x_wconf 89' lang='lat' dir='ltr'>comp.</span> <span class='ocrx_word' id='word_1_340' title='bbox 1535 2914 1598 2946; x_wconf 86' lang='lat'>552</span> <span class='ocrx_word' id='word_1_341' title='bbox 1615 2913 1685 2945; x_wconf 85' lang='lat' dir='ltr'>and</span> <span class='ocrx_word' id='word_1_342' title='bbox 1703 2913 1777 2946; x_wconf 87' lang='grc'>868.</span> 
     </span>
     <span class='ocr_line' id='line_1_41' title="bbox 329 2968 1885 3010; baseline -0.001 -9"><span class='ocrx_word' id='word_1_343' title='bbox 329 2972 411 3004; x_wconf 87' lang='lat'><strong>1077</strong></span> <span class='ocrx_word' id='word_1_344' title='bbox 428 2972 535 3002; x_wconf 81' lang='lat' dir='ltr'>eluere</span> <span class='ocrx_word' id='word_1_345' title='bbox 551 2971 579 3001; x_wconf 92' lang='lat' dir='ltr'>B</span> <span class='ocrx_word' id='word_1_346' title='bbox 596 2981 681 3002; x_wconf 84' lang='lat' dir='ltr'>corr.</span> <span class='ocrx_word' id='word_1_347' title='bbox 699 2970 820 3003; x_wconf 88' lang='lat' dir='ltr'>Vienn.</span> <span class='ocrx_word' id='word_1_348' title='bbox 842 2971 926 3010; x_wconf 86' lang='lat' dir='ltr'>frag.</span> <span class='ocrx_word' id='word_1_349' title='bbox 945 2970 1031 3001; x_wconf 89' lang='lat' dir='ltr'>Mar.</span> <span class='ocrx_word' id='word_1_350' title='bbox 1049 2971 1102 3002; x_wconf 79' lang='lat' dir='ltr'>for</span> <span class='ocrx_word' id='word_1_351' title='bbox 1118 2972 1227 3002; x_wconf 66' lang='lat' dir='ltr'>eiecere</span> <span class='ocrx_word' id='word_1_352' title='bbox 1243 2970 1283 3007; x_wconf 89' lang='lat' dir='ltr'>B,</span> <span class='ocrx_word' id='word_1_353' title='bbox 1302 2972 1432 3001; x_wconf 78' lang='lat' dir='ltr'>eiuvere</span> <span class='ocrx_word' id='word_1_354' title='bbox 1448 2969 1477 3000; x_wconf 91' lang='lat' dir='ltr'>A</span> <span class='ocrx_word' id='word_1_355' title='bbox 1493 2969 1584 3000; x_wconf 89' lang='lat' dir='ltr'>Nicc.</span> <span class='ocrx_word' id='word_1_356' title='bbox 1721 2968 1803 3002; x_wconf 81' lang='lat'>1078</span> <span class='ocrx_word' id='word_1_357' title='bbox 1821 2978 1885 3000; x_wconf 83' lang='lat' dir='ltr'>non</span> 
     </span>
    </p>
   </div>
  </div>
 </body>
</html>
