<?xml version="1.0" encoding="UTF-8"?>
<!DOCTYPE html PUBLIC "-//W3C//DTD XHTML 1.0 Transitional//EN"
    "http://www.w3.org/TR/xhtml1/DTD/xhtml1-transitional.dtd">
<html xmlns="http://www.w3.org/1999/xhtml" xml:lang="en" lang="en">
 <head>
  <title>
</title>
<meta http-equiv="Content-Type" content="text/html;charset=utf-8" />
  <meta name='ocr-system' content='tesseract 3.04.00' />
  <meta name='ocr-capabilities' content='ocr_page ocr_carea ocr_par ocr_line ocrx_word'/>
</head>
<body>
  <div class='ocr_page' id='page_1' title='image "./lucreticariderer01lucruoft_0279.png"; bbox 0 0 1997 3267; ppageno 0'>
   <div class='ocr_carea' id='block_1_1' title="bbox 972 166 1792 225">
    <p class='ocr_par' dir='ltr' id='par_1_1' title="bbox 972 166 1792 225">
     <span class='ocr_line' id='line_1_1' title="bbox 972 166 1792 225; baseline 0.009 -17"><span class='ocrx_word' id='word_1_1' title='bbox 972 166 1037 209; x_wconf 93' lang='lat' dir='ltr'>VI</span> <span class='ocrx_word' id='word_1_2' title='bbox 1711 174 1792 225; x_wconf 90' lang='lat'>263</span> 
     </span>
    </p>
   </div>
   <div class='ocr_carea' id='block_1_2' title="bbox 283 271 1792 2475">
    <p class='ocr_par' dir='ltr' id='par_1_2' title="bbox 294 271 1350 330">
     <span class='ocr_line' id='line_1_2' title="bbox 294 271 1350 330; baseline 0.003 -15"><span class='ocrx_word' id='word_1_3' title='bbox 294 271 458 329; x_wconf 81' lang='lat' dir='ltr'>colligit</span> <span class='ocrx_word' id='word_1_4' title='bbox 489 277 534 314; x_wconf 88' lang='lat' dir='ltr'>et</span> <span class='ocrx_word' id='word_1_5' title='bbox 565 287 771 330; x_wconf 83' lang='lat' dir='ltr'>magnum</span> <span class='ocrx_word' id='word_1_6' title='bbox 802 287 1009 316; x_wconf 86' lang='lat' dir='ltr'>conamen</span> <span class='ocrx_word' id='word_1_7' title='bbox 1041 273 1176 317; x_wconf 87' lang='lat' dir='ltr'>sumit</span> <span class='ocrx_word' id='word_1_8' title='bbox 1207 276 1350 325; x_wconf 89' lang='lat' dir='ltr'>eundi,</span> 
     </span>
    </p>

    <p class='ocr_par' dir='ltr' id='par_1_3' title="bbox 293 341 1556 467">
     <span class='ocr_line' id='line_1_3' title="bbox 294 341 1556 399; baseline 0.003 -16"><span class='ocrx_word' id='word_1_9' title='bbox 294 341 394 383; x_wconf 89' lang='lat' dir='ltr'>inde</span> <span class='ocrx_word' id='word_1_10' title='bbox 427 341 499 383; x_wconf 89' lang='lat' dir='ltr'>ubi</span> <span class='ocrx_word' id='word_1_11' title='bbox 532 357 616 383; x_wconf 89' lang='lat' dir='ltr'>non</span> <span class='ocrx_word' id='word_1_12' title='bbox 647 342 791 398; x_wconf 89' lang='lat' dir='ltr'>potuit</span> <span class='ocrx_word' id='word_1_13' title='bbox 822 341 960 384; x_wconf 83' lang='lat' dir='ltr'>nubes</span> <span class='ocrx_word' id='word_1_14' title='bbox 990 357 1142 398; x_wconf 83' lang='lat' dir='ltr'>capere</span> <span class='ocrx_word' id='word_1_15' title='bbox 1175 343 1335 399; x_wconf 85' lang='lat' dir='ltr'>inpetis</span> <span class='ocrx_word' id='word_1_16' title='bbox 1365 352 1556 397; x_wconf 84' lang='lat' dir='ltr'>auctum,</span> 
     </span>
     <span class='ocr_line' id='line_1_4' title="bbox 293 410 1427 467; baseline 0.001 -14"><span class='ocrx_word' id='word_1_17' title='bbox 293 410 551 466; x_wconf 73' lang='lat' dir='ltr'>exprimitur</span> <span class='ocrx_word' id='word_1_18' title='bbox 584 410 646 452; x_wconf 87' lang='lat' dir='ltr'>vis</span> <span class='ocrx_word' id='word_1_19' title='bbox 676 419 807 466; x_wconf 88' lang='lat' dir='ltr'>atque</span> <span class='ocrx_word' id='word_1_20' title='bbox 840 410 936 452; x_wconf 90' lang='lat' dir='ltr'>ideo</span> <span class='ocrx_word' id='word_1_21' title='bbox 968 411 1082 452; x_wconf 87' lang='lat' dir='ltr'>volat</span> <span class='ocrx_word' id='word_1_22' title='bbox 1114 411 1276 467; x_wconf 90' lang='lat' dir='ltr'>impete</span> <span class='ocrx_word' id='word_1_23' title='bbox 1309 413 1427 463; x_wconf 89' lang='lat' dir='ltr'>miro,</span> 
     </span>
    </p>

    <p class='ocr_par' dir='ltr' id='par_1_4' title="bbox 294 479 1413 536">
     <span class='ocr_line' id='line_1_5' title="bbox 294 479 1413 536; baseline 0.002 -14"><span class='ocrx_word' id='word_1_24' title='bbox 294 486 345 522; x_wconf 87' lang='lat' dir='ltr'>ut</span> <span class='ocrx_word' id='word_1_25' title='bbox 377 479 529 521; x_wconf 80' lang='lat' dir='ltr'>validis</span> <span class='ocrx_word' id='word_1_26' title='bbox 559 495 668 536; x_wconf 85' lang='lat' dir='ltr'>quae</span> <span class='ocrx_word' id='word_1_27' title='bbox 701 480 754 522; x_wconf 86' lang='lat' dir='ltr'>de</span> <span class='ocrx_word' id='word_1_28' title='bbox 786 480 1014 522; x_wconf 85' lang='lat' dir='ltr'>tormentis</span> <span class='ocrx_word' id='word_1_29' title='bbox 1046 481 1175 522; x_wconf 77' lang='lat' dir='ltr'>missa</span> <span class='ocrx_word' id='word_1_30' title='bbox 1206 481 1413 525; x_wconf 81' lang='lat' dir='ltr'>feruutur.</span> 
     </span>
    </p>

    <p class='ocr_par' dir='ltr' id='par_1_5' title="bbox 293 549 1792 676">
     <span class='ocr_line' id='line_1_6' title="bbox 293 549 1792 608; baseline 0.003 -17"><span class='ocrx_word' id='word_1_31' title='bbox 293 549 403 591; x_wconf 88' lang='lat' dir='ltr'>adde</span> <span class='ocrx_word' id='word_1_32' title='bbox 434 550 548 605; x_wconf 89' lang='lat' dir='ltr'>quod</span> <span class='ocrx_word' id='word_1_33' title='bbox 579 564 602 592; x_wconf 91' lang='lat' dir='ltr'>e</span> <span class='ocrx_word' id='word_1_34' title='bbox 634 549 775 605; x_wconf 87' lang='lat' dir='ltr'>parvis</span> <span class='ocrx_word' id='word_1_35' title='bbox 806 556 851 591; x_wconf 91' lang='lat' dir='ltr'>et</span> <span class='ocrx_word' id='word_1_36' title='bbox 883 549 1048 591; x_wconf 83' lang='lat' dir='ltr'>levibus</span> <span class='ocrx_word' id='word_1_37' title='bbox 1079 556 1146 592; x_wconf 87' lang='lat' dir='ltr'>est</span> <span class='ocrx_word' id='word_1_38' title='bbox 1177 550 1414 602; x_wconf 84' lang='lat' dir='ltr'>elementis,</span> <span class='ocrx_word' id='word_1_39' title='bbox 1707 565 1792 608; x_wconf 90' lang='lat'>330</span> 
     </span>
     <span class='ocr_line' id='line_1_7' title="bbox 294 618 1419 676; baseline 0.003 -17"><span class='ocrx_word' id='word_1_40' title='bbox 294 633 373 659; x_wconf 89' lang='lat' dir='ltr'>nec</span> <span class='ocrx_word' id='word_1_41' title='bbox 404 618 569 660; x_wconf 73' lang='lat' dir='ltr'>facilest</span> <span class='ocrx_word' id='word_1_42' title='bbox 600 618 678 660; x_wconf 88' lang='lat' dir='ltr'>tali</span> <span class='ocrx_word' id='word_1_43' title='bbox 709 624 889 660; x_wconf 83' lang='lat' dir='ltr'>naturae</span> <span class='ocrx_word' id='word_1_44' title='bbox 921 619 1128 674; x_wconf 77' lang='lat' dir='ltr'>opsistere</span> <span class='ocrx_word' id='word_1_45' title='bbox 1161 619 1419 676; x_wconf 84' lang='lat' dir='ltr'>quicquam;</span> 
     </span>
    </p>

    <p class='ocr_par' dir='ltr' id='par_1_6' title="bbox 293 687 1452 744">
     <span class='ocr_line' id='line_1_8' title="bbox 293 687 1452 744; baseline 0.003 -16"><span class='ocrx_word' id='word_1_46' title='bbox 293 687 408 728; x_wconf 90' lang='lat' dir='ltr'>inter</span> <span class='ocrx_word' id='word_1_47' title='bbox 437 687 553 729; x_wconf 89' lang='lat' dir='ltr'>enim</span> <span class='ocrx_word' id='word_1_48' title='bbox 586 687 698 744; x_wconf 84' lang='lat' dir='ltr'>fugit</span> <span class='ocrx_word' id='word_1_49' title='bbox 728 702 777 729; x_wconf 85' lang='lat' dir='ltr'>ac</span> <span class='ocrx_word' id='word_1_50' title='bbox 808 694 1010 743; x_wconf 87' lang='lat' dir='ltr'>penetrat</span> <span class='ocrx_word' id='word_1_51' title='bbox 1042 704 1117 744; x_wconf 87' lang='lat' dir='ltr'>per</span> <span class='ocrx_word' id='word_1_52' title='bbox 1148 704 1242 729; x_wconf 86' lang='lat' dir='ltr'>rara</span> <span class='ocrx_word' id='word_1_53' title='bbox 1274 689 1452 740; x_wconf 85' lang='lat' dir='ltr'>viarum,</span> 
     </span>
    </p>

    <p class='ocr_par' dir='ltr' id='par_1_7' title="bbox 292 756 1348 813">
     <span class='ocr_line' id='line_1_9' title="bbox 292 756 1348 813; baseline 0.003 -16"><span class='ocrx_word' id='word_1_54' title='bbox 292 771 377 797; x_wconf 87' lang='lat' dir='ltr'>non</span> <span class='ocrx_word' id='word_1_55' title='bbox 409 756 544 813; x_wconf 86' lang='lat' dir='ltr'>igitur</span> <span class='ocrx_word' id='word_1_56' title='bbox 576 756 725 798; x_wconf 89' lang='lat' dir='ltr'>multis</span> <span class='ocrx_word' id='word_1_57' title='bbox 756 756 990 797; x_wconf 77' lang='lat' dir='ltr'>offensibus</span> <span class='ocrx_word' id='word_1_58' title='bbox 1022 757 1066 798; x_wconf 90' lang='lat' dir='ltr'>in</span> <span class='ocrx_word' id='word_1_59' title='bbox 1098 759 1348 800; x_wconf 79' lang='lat' dir='ltr'>remorando</span> 
     </span>
    </p>

    <p class='ocr_par' dir='ltr' id='par_1_8' title="bbox 294 824 1536 883">
     <span class='ocr_line' id='line_1_10' title="bbox 294 824 1536 883; baseline 0.004 -17"><span class='ocrx_word' id='word_1_60' title='bbox 294 824 492 873; x_wconf 75' lang='lat' dir='ltr'>haesitat,</span> <span class='ocrx_word' id='word_1_61' title='bbox 527 825 636 867; x_wconf 85' lang='lat' dir='ltr'>hanc</span> <span class='ocrx_word' id='word_1_62' title='bbox 667 825 721 866; x_wconf 95' lang='lat' dir='ltr'>ob</span> <span class='ocrx_word' id='word_1_63' title='bbox 753 840 843 867; x_wconf 91' lang='lat' dir='ltr'>rem</span> <span class='ocrx_word' id='word_1_64' title='bbox 876 825 1003 867; x_wconf 75' lang='lat' dir='ltr'>celeri</span> <span class='ocrx_word' id='word_1_65' title='bbox 1037 826 1153 868; x_wconf 83' lang='lat' dir='ltr'>volat</span> <span class='ocrx_word' id='word_1_66' title='bbox 1184 827 1346 883; x_wconf 87' lang='lat' dir='ltr'>impete</span> <span class='ocrx_word' id='word_1_67' title='bbox 1379 828 1536 871; x_wconf 84' lang='lat' dir='ltr'>labens.</span> 
     </span>
    </p>

    <p class='ocr_par' dir='ltr' id='par_1_9' title="bbox 292 894 1785 1020">
     <span class='ocr_line' id='line_1_11' title="bbox 292 894 1785 953; baseline 0.003 -18"><span class='ocrx_word' id='word_1_68' title='bbox 292 894 460 944; x_wconf 82' lang='lat' dir='ltr'>deinde,</span> <span class='ocrx_word' id='word_1_69' title='bbox 490 894 603 950; x_wconf 87' lang='lat' dir='ltr'>quod</span> <span class='ocrx_word' id='word_1_70' title='bbox 635 894 808 936; x_wconf 88' lang='lat' dir='ltr'>omnino</span> <span class='ocrx_word' id='word_1_71' title='bbox 839 904 994 936; x_wconf 82' lang='lat' dir='ltr'>natura</span> <span class='ocrx_word' id='word_1_72' title='bbox 1027 896 1215 951; x_wconf 82' lang='lat' dir='ltr'>pondera</span> <span class='ocrx_word' id='word_1_73' title='bbox 1245 897 1443 939; x_wconf 84' lang='lat' dir='ltr'>deorsum</span> <span class='ocrx_word' id='word_1_74' title='bbox 1707 911 1728 953; x_wconf 87' lang='lat'>3</span> <span class='ocrx_word' id='word_1_75' title='bbox 1736 912 1757 953; x_wconf 81' lang='lat'>3</span> <span class='ocrx_word' id='word_1_76' title='bbox 1767 912 1785 952; x_wconf 88' lang='lat'>5</span> 
     </span>
     <span class='ocr_line' id='line_1_12' title="bbox 293 963 1336 1020; baseline 0.003 -16"><span class='ocrx_word' id='word_1_77' title='bbox 293 963 438 1004; x_wconf 86' lang='lat' dir='ltr'>onmia</span> <span class='ocrx_word' id='word_1_78' title='bbox 468 963 684 1013; x_wconf 83' lang='lat' dir='ltr'>nituntur,</span> <span class='ocrx_word' id='word_1_79' title='bbox 716 978 814 1005; x_wconf 90' lang='lat' dir='ltr'>cum</span> <span class='ocrx_word' id='word_1_80' title='bbox 847 964 1015 1020; x_wconf 78' lang='lat' dir='ltr'>plagast</span> <span class='ocrx_word' id='word_1_81' title='bbox 1046 964 1196 1007; x_wconf 83' lang='lat' dir='ltr'>addita</span> <span class='ocrx_word' id='word_1_82' title='bbox 1227 981 1336 1015; x_wconf 88' lang='lat' dir='ltr'>vero,</span> 
     </span>
    </p>

    <p class='ocr_par' dir='ltr' id='par_1_10' title="bbox 293 1030 1442 1090">
     <span class='ocr_line' id='line_1_13' title="bbox 293 1030 1442 1090; baseline 0.003 -19"><span class='ocrx_word' id='word_1_83' title='bbox 293 1030 510 1072; x_wconf 77' lang='lat' dir='ltr'>mobilitas</span> <span class='ocrx_word' id='word_1_84' title='bbox 540 1030 788 1086; x_wconf 81' lang='lat' dir='ltr'>duplicatur</span> <span class='ocrx_word' id='word_1_85' title='bbox 818 1037 863 1073; x_wconf 89' lang='lat' dir='ltr'>et</span> <span class='ocrx_word' id='word_1_86' title='bbox 894 1031 1084 1087; x_wconf 84' lang='lat' dir='ltr'>impetus</span> <span class='ocrx_word' id='word_1_87' title='bbox 1116 1033 1186 1074; x_wconf 82' lang='lat' dir='ltr'>illc</span> <span class='ocrx_word' id='word_1_88' title='bbox 1218 1034 1442 1090; x_wconf 81' lang='lat' dir='ltr'>gravescit,</span> 
     </span>
    </p>

    <p class='ocr_par' dir='ltr' id='par_1_11' title="bbox 292 1099 1436 1158">
     <span class='ocr_line' id='line_1_14' title="bbox 292 1099 1436 1158; baseline 0.003 -17"><span class='ocrx_word' id='word_1_89' title='bbox 292 1105 342 1142; x_wconf 92' lang='lat' dir='ltr'>ut</span> <span class='ocrx_word' id='word_1_90' title='bbox 374 1099 617 1141; x_wconf 85' lang='lat' dir='ltr'>vementius</span> <span class='ocrx_word' id='word_1_91' title='bbox 647 1106 692 1141; x_wconf 91' lang='lat' dir='ltr'>et</span> <span class='ocrx_word' id='word_1_92' title='bbox 724 1100 852 1142; x_wconf 84' lang='lat' dir='ltr'>citius</span> <span class='ocrx_word' id='word_1_93' title='bbox 883 1116 1180 1158; x_wconf 84' lang='lat' dir='ltr'>quaecumque</span> <span class='ocrx_word' id='word_1_94' title='bbox 1214 1110 1436 1145; x_wconf 84' lang='lat' dir='ltr'>morantur</span> 
     </span>
    </p>

    <p class='ocr_par' dir='ltr' id='par_1_12' title="bbox 291 1169 1318 1227">
     <span class='ocr_line' id='line_1_15' title="bbox 291 1169 1318 1227; baseline 0.003 -16"><span class='ocrx_word' id='word_1_95' title='bbox 291 1170 417 1212; x_wconf 90' lang='lat' dir='ltr'>obvia</span> <span class='ocrx_word' id='word_1_96' title='bbox 447 1169 653 1211; x_wconf 88' lang='lat' dir='ltr'>discutiat</span> <span class='ocrx_word' id='word_1_97' title='bbox 685 1170 822 1227; x_wconf 86' lang='lat' dir='ltr'>plagis</span> <span class='ocrx_word' id='word_1_98' title='bbox 853 1170 1070 1226; x_wconf 81' lang='lat' dir='ltr'>itinerque</span> <span class='ocrx_word' id='word_1_99' title='bbox 1101 1179 1318 1227; x_wconf 84' lang='lat' dir='ltr'>sequatur.</span> 
     </span>
    </p>

    <p class='ocr_par' dir='ltr' id='par_1_13' title="bbox 290 1239 1788 1366">
     <span class='ocr_line' id='line_1_16' title="bbox 290 1239 1788 1299; baseline 0.004 -18"><span class='ocrx_word' id='word_1_100' title='bbox 290 1240 476 1296; x_wconf 85' lang='lat' dir='ltr'>denique</span> <span class='ocrx_word' id='word_1_101' title='bbox 508 1240 620 1296; x_wconf 88' lang='lat' dir='ltr'>quod</span> <span class='ocrx_word' id='word_1_102' title='bbox 654 1239 779 1297; x_wconf 86' lang='lat' dir='ltr'>longo</span> <span class='ocrx_word' id='word_1_103' title='bbox 811 1240 931 1282; x_wconf 88' lang='lat' dir='ltr'>venit</span> <span class='ocrx_word' id='word_1_104' title='bbox 964 1240 1138 1297; x_wconf 83' lang='lat' dir='ltr'>impete,</span> <span class='ocrx_word' id='word_1_105' title='bbox 1172 1257 1341 1284; x_wconf 87' lang='lat' dir='ltr'>sumere</span> <span class='ocrx_word' id='word_1_106' title='bbox 1372 1242 1503 1284; x_wconf 84' lang='lat' dir='ltr'>debet</span> <span class='ocrx_word' id='word_1_107' title='bbox 1704 1257 1788 1299; x_wconf 86' lang='lat'>340</span> 
     </span>
     <span class='ocr_line' id='line_1_17' title="bbox 290 1308 1579 1366; baseline 0.004 -17"><span class='ocrx_word' id='word_1_108' title='bbox 290 1308 578 1350; x_wconf 85' lang='lat' dir='ltr'>mobilitatem</span> <span class='ocrx_word' id='word_1_109' title='bbox 611 1308 743 1350; x_wconf 88' lang='lat' dir='ltr'>etiam</span> <span class='ocrx_word' id='word_1_110' title='bbox 775 1315 906 1365; x_wconf 85' lang='lat' dir='ltr'>atque</span> <span class='ocrx_word' id='word_1_111' title='bbox 938 1309 1084 1360; x_wconf 87' lang='lat' dir='ltr'>etiam,</span> <span class='ocrx_word' id='word_1_112' title='bbox 1115 1325 1225 1366; x_wconf 82' lang='lat' dir='ltr'>quae</span> <span class='ocrx_word' id='word_1_113' title='bbox 1257 1310 1408 1353; x_wconf 87' lang='lat' dir='ltr'>crescit</span> <span class='ocrx_word' id='word_1_114' title='bbox 1439 1312 1579 1354; x_wconf 85' lang='lat' dir='ltr'>eundo</span> 
     </span>
    </p>

    <p class='ocr_par' dir='ltr' id='par_1_14' title="bbox 291 1378 1285 1434">
     <span class='ocr_line' id='line_1_18' title="bbox 291 1378 1285 1434; baseline 0.001 -14"><span class='ocrx_word' id='word_1_115' title='bbox 291 1384 335 1420; x_wconf 91' lang='lat' dir='ltr'>et</span> <span class='ocrx_word' id='word_1_116' title='bbox 369 1378 531 1420; x_wconf 88' lang='lat' dir='ltr'>validas</span> <span class='ocrx_word' id='word_1_117' title='bbox 561 1384 694 1434; x_wconf 88' lang='lat' dir='ltr'>auget</span> <span class='ocrx_word' id='word_1_118' title='bbox 726 1378 829 1419; x_wconf 89' lang='lat' dir='ltr'>viris</span> <span class='ocrx_word' id='word_1_119' title='bbox 861 1385 905 1420; x_wconf 89' lang='lat' dir='ltr'>et</span> <span class='ocrx_word' id='word_1_120' title='bbox 936 1379 1108 1421; x_wconf 84' lang='lat' dir='ltr'>roborat</span> <span class='ocrx_word' id='word_1_121' title='bbox 1139 1379 1285 1421; x_wconf 90' lang='lat' dir='ltr'>ictum.</span> 
     </span>
    </p>

    <p class='ocr_par' dir='ltr' id='par_1_15' title="bbox 288 1447 1424 1507">
     <span class='ocr_line' id='line_1_19' title="bbox 288 1447 1424 1507; baseline 0.004 -19"><span class='ocrx_word' id='word_1_122' title='bbox 288 1462 389 1489; x_wconf 89' lang='lat' dir='ltr'>nam</span> <span class='ocrx_word' id='word_1_123' title='bbox 422 1447 524 1489; x_wconf 88' lang='lat' dir='ltr'>facit</span> <span class='ocrx_word' id='word_1_124' title='bbox 555 1453 605 1489; x_wconf 88' lang='lat' dir='ltr'>ut</span> <span class='ocrx_word' id='word_1_125' title='bbox 636 1462 746 1503; x_wconf 85' lang='lat' dir='ltr'>quae</span> <span class='ocrx_word' id='word_1_126' title='bbox 778 1448 866 1490; x_wconf 88' lang='lat' dir='ltr'>sint</span> <span class='ocrx_word' id='word_1_127' title='bbox 899 1449 1015 1491; x_wconf 85' lang='lat' dir='ltr'>illius</span> <span class='ocrx_word' id='word_1_128' title='bbox 1045 1450 1211 1492; x_wconf 86' lang='lat' dir='ltr'>semina</span> <span class='ocrx_word' id='word_1_129' title='bbox 1240 1466 1424 1507; x_wconf 88' lang='lat' dir='ltr'>cumque</span> 
     </span>
    </p>

    <p class='ocr_par' dir='ltr' id='par_1_16' title="bbox 288 1513 1509 1571">
     <span class='ocr_line' id='line_1_20' title="bbox 288 1513 1509 1571; baseline 0.004 -16"><span class='ocrx_word' id='word_1_130' title='bbox 288 1529 312 1556; x_wconf 90' lang='lat' dir='ltr'>e</span> <span class='ocrx_word' id='word_1_131' title='bbox 343 1513 516 1571; x_wconf 86' lang='lat' dir='ltr'>regione</span> <span class='ocrx_word' id='word_1_132' title='bbox 548 1514 687 1556; x_wconf 89' lang='lat' dir='ltr'>locum</span> <span class='ocrx_word' id='word_1_133' title='bbox 719 1515 843 1571; x_wconf 84' lang='lat' dir='ltr'>quasi</span> <span class='ocrx_word' id='word_1_134' title='bbox 875 1515 919 1557; x_wconf 87' lang='lat' dir='ltr'>in</span> <span class='ocrx_word' id='word_1_135' title='bbox 953 1531 1087 1558; x_wconf 90' lang='lat' dir='ltr'>unum</span> <span class='ocrx_word' id='word_1_136' title='bbox 1119 1524 1276 1560; x_wconf 88' lang='lat' dir='ltr'>cuncta</span> <span class='ocrx_word' id='word_1_137' title='bbox 1306 1519 1509 1570; x_wconf 81' lang='lat' dir='ltr'>ferantur,</span> 
     </span>
    </p>

    <p class='ocr_par' dir='ltr' id='par_1_17' title="bbox 286 1584 1780 1711">
     <span class='ocr_line' id='line_1_21' title="bbox 288 1584 1780 1643; baseline 0.004 -18"><span class='ocrx_word' id='word_1_138' title='bbox 288 1584 433 1626; x_wconf 89' lang='lat' dir='ltr'>omnia</span> <span class='ocrx_word' id='word_1_139' title='bbox 463 1585 676 1626; x_wconf 87' lang='lat' dir='ltr'>coniciens</span> <span class='ocrx_word' id='word_1_140' title='bbox 707 1584 752 1626; x_wconf 88' lang='lat' dir='ltr'>in</span> <span class='ocrx_word' id='word_1_141' title='bbox 783 1600 883 1626; x_wconf 88' lang='lat' dir='ltr'>eum</span> <span class='ocrx_word' id='word_1_142' title='bbox 916 1586 1134 1628; x_wconf 84' lang='lat' dir='ltr'>volventia</span> <span class='ocrx_word' id='word_1_143' title='bbox 1164 1602 1348 1630; x_wconf 88' lang='lat' dir='ltr'>cursum.</span> <span class='ocrx_word' id='word_1_144' title='bbox 1702 1601 1780 1643; x_wconf 83' lang='lat'>345</span> 
     </span>
     <span class='ocr_line' id='line_1_22' title="bbox 286 1652 1426 1711; baseline 0.004 -17"><span class='ocrx_word' id='word_1_145' title='bbox 286 1652 463 1694; x_wconf 87' lang='lat' dir='ltr'>forsitan</span> <span class='ocrx_word' id='word_1_146' title='bbox 495 1667 547 1694; x_wconf 81' lang='lat' dir='ltr'>ex</span> <span class='ocrx_word' id='word_1_147' title='bbox 579 1653 670 1708; x_wconf 87' lang='lat' dir='ltr'>ipso</span> <span class='ocrx_word' id='word_1_148' title='bbox 702 1653 878 1695; x_wconf 90' lang='lat' dir='ltr'>veniens</span> <span class='ocrx_word' id='word_1_149' title='bbox 909 1655 1056 1696; x_wconf 85' lang='lat' dir='ltr'>trahat</span> <span class='ocrx_word' id='word_1_150' title='bbox 1086 1670 1183 1697; x_wconf 88' lang='lat' dir='ltr'>aere</span> <span class='ocrx_word' id='word_1_151' title='bbox 1215 1656 1426 1711; x_wconf 86' lang='lat' dir='ltr'>quaedam</span> 
     </span>
    </p>

    <p class='ocr_par' dir='ltr' id='par_1_18' title="bbox 287 1721 1378 1778">
     <span class='ocr_line' id='line_1_23' title="bbox 287 1721 1378 1778; baseline 0.004 -16"><span class='ocrx_word' id='word_1_152' title='bbox 287 1736 461 1777; x_wconf 90' lang='lat' dir='ltr'>corpora</span> <span class='ocrx_word' id='word_1_153' title='bbox 493 1736 602 1777; x_wconf 88' lang='lat' dir='ltr'>quae</span> <span class='ocrx_word' id='word_1_154' title='bbox 636 1721 775 1778; x_wconf 85' lang='lat' dir='ltr'>plagis</span> <span class='ocrx_word' id='word_1_155' title='bbox 806 1722 1045 1764; x_wconf 88' lang='lat' dir='ltr'>incendunt</span> <span class='ocrx_word' id='word_1_156' title='bbox 1077 1724 1378 1767; x_wconf 83' lang='lat' dir='ltr'>mobilitatem.</span> 
     </span>
    </p>

    <p class='ocr_par' dir='ltr' id='par_1_19' title="bbox 287 1791 1501 1850">
     <span class='ocr_line' id='line_1_24' title="bbox 287 1791 1501 1850; baseline 0.003 -18"><span class='ocrx_word' id='word_1_157' title='bbox 287 1791 598 1847; x_wconf 91' lang='lat' dir='ltr'>incolumisque</span> <span class='ocrx_word' id='word_1_158' title='bbox 631 1791 750 1833; x_wconf 84' lang='lat' dir='ltr'>venit</span> <span class='ocrx_word' id='word_1_159' title='bbox 782 1806 858 1847; x_wconf 87' lang='lat' dir='ltr'>per</span> <span class='ocrx_word' id='word_1_160' title='bbox 888 1807 954 1834; x_wconf 90' lang='lat' dir='ltr'>res</span> <span class='ocrx_word' id='word_1_161' title='bbox 984 1801 1114 1848; x_wconf 86' lang='lat' dir='ltr'>atque</span> <span class='ocrx_word' id='word_1_162' title='bbox 1146 1794 1317 1850; x_wconf 83' lang='lat' dir='ltr'>integra</span> <span class='ocrx_word' id='word_1_163' title='bbox 1346 1795 1501 1837; x_wconf 88' lang='lat' dir='ltr'>transit</span> 
     </span>
    </p>

    <p class='ocr_par' dir='ltr' id='par_1_20' title="bbox 285 1860 1783 2056">
     <span class='ocr_line' id='line_1_25' title="bbox 286 1860 1530 1920; baseline 0.004 -18"><span class='ocrx_word' id='word_1_164' title='bbox 286 1860 438 1910; x_wconf 86' lang='lat' dir='ltr'>multa,</span> <span class='ocrx_word' id='word_1_165' title='bbox 470 1861 751 1903; x_wconf 86' lang='lat' dir='ltr'>foraminibus</span> <span class='ocrx_word' id='word_1_166' title='bbox 783 1861 975 1917; x_wconf 88' lang='lat' dir='ltr'>liquidus</span> <span class='ocrx_word' id='word_1_167' title='bbox 1007 1863 1109 1918; x_wconf 88' lang='lat' dir='ltr'>quia</span> <span class='ocrx_word' id='word_1_168' title='bbox 1140 1864 1375 1906; x_wconf 85' lang='lat' dir='ltr'>transvolat</span> <span class='ocrx_word' id='word_1_169' title='bbox 1408 1864 1530 1920; x_wconf 83' lang='lat' dir='ltr'>ignis.</span> 
     </span>
     <span class='ocr_line' id='line_1_26' title="bbox 286 1930 1783 1989; baseline 0.004 -17"><span class='ocrx_word' id='word_1_170' title='bbox 286 1930 509 1986; x_wconf 89' lang='lat' dir='ltr'>multaque</span> <span class='ocrx_word' id='word_1_171' title='bbox 541 1930 782 1987; x_wconf 84' lang='lat' dir='ltr'>perfringit,</span> <span class='ocrx_word' id='word_1_172' title='bbox 812 1945 909 1972; x_wconf 85' lang='lat' dir='ltr'>cum</span> <span class='ocrx_word' id='word_1_173' title='bbox 942 1946 1116 1987; x_wconf 84' lang='lat' dir='ltr'>corpora</span> <span class='ocrx_word' id='word_1_174' title='bbox 1146 1932 1340 1974; x_wconf 82' lang='lat' dir='ltr'>fulminis</span> <span class='ocrx_word' id='word_1_175' title='bbox 1369 1934 1464 1989; x_wconf 85' lang='lat' dir='ltr'>ipsa</span> <span class='ocrx_word' id='word_1_176' title='bbox 1699 1946 1783 1988; x_wconf 86' lang='lat'>350</span> 
     </span>
     <span class='ocr_line' id='line_1_27' title="bbox 285 1998 1510 2056; baseline 0.004 -16"><span class='ocrx_word' id='word_1_177' title='bbox 285 1998 531 2055; x_wconf 89' lang='lat' dir='ltr'>corporibus</span> <span class='ocrx_word' id='word_1_178' title='bbox 561 2014 705 2040; x_wconf 89' lang='lat' dir='ltr'>rerum</span> <span class='ocrx_word' id='word_1_179' title='bbox 737 1999 994 2048; x_wconf 85' lang='lat' dir='ltr'>inciderunt,</span> <span class='ocrx_word' id='word_1_180' title='bbox 1025 2015 1111 2056; x_wconf 88' lang='lat' dir='ltr'>qua</span> <span class='ocrx_word' id='word_1_181' title='bbox 1141 2007 1264 2043; x_wconf 85' lang='lat' dir='ltr'>texta</span> <span class='ocrx_word' id='word_1_182' title='bbox 1294 2008 1510 2046; x_wconf 87' lang='lat' dir='ltr'>tenentur.</span> 
     </span>
    </p>

    <p class='ocr_par' dir='ltr' id='par_1_21' title="bbox 284 2067 1372 2126">
     <span class='ocr_line' id='line_1_28' title="bbox 284 2067 1372 2126; baseline 0.004 -17"><span class='ocrx_word' id='word_1_183' title='bbox 284 2067 484 2110; x_wconf 89' lang='lat' dir='ltr'>dissoluit</span> <span class='ocrx_word' id='word_1_184' title='bbox 514 2082 638 2124; x_wconf 90' lang='lat' dir='ltr'>porro</span> <span class='ocrx_word' id='word_1_185' title='bbox 669 2068 792 2110; x_wconf 86' lang='lat' dir='ltr'>facile</span> <span class='ocrx_word' id='word_1_186' title='bbox 823 2083 894 2110; x_wconf 86' lang='lat' dir='ltr'>aes</span> <span class='ocrx_word' id='word_1_187' title='bbox 924 2084 1164 2126; x_wconf 89' lang='lat' dir='ltr'>aurumque</span> <span class='ocrx_word' id='word_1_188' title='bbox 1194 2077 1372 2126; x_wconf 85' lang='lat' dir='ltr'>repente</span> 
     </span>
    </p>

    <p class='ocr_par' dir='ltr' id='par_1_22' title="bbox 285 2137 1302 2193">
     <span class='ocr_line' id='line_1_29' title="bbox 285 2137 1302 2193; baseline 0.001 -13"><span class='ocrx_word' id='word_1_189' title='bbox 285 2137 597 2187; x_wconf 87' lang='lat' dir='ltr'>confervefacit,</span> <span class='ocrx_word' id='word_1_190' title='bbox 628 2151 651 2178; x_wconf 91' lang='lat' dir='ltr'>e</span> <span class='ocrx_word' id='word_1_191' title='bbox 682 2137 826 2193; x_wconf 88' lang='lat' dir='ltr'>parvis</span> <span class='ocrx_word' id='word_1_192' title='bbox 857 2138 960 2193; x_wconf 89' lang='lat' dir='ltr'>quia</span> <span class='ocrx_word' id='word_1_193' title='bbox 990 2138 1104 2180; x_wconf 88' lang='lat' dir='ltr'>facta</span> <span class='ocrx_word' id='word_1_194' title='bbox 1134 2139 1302 2182; x_wconf 88' lang='lat' dir='ltr'>minute</span> 
     </span>
    </p>

    <p class='ocr_par' dir='ltr' id='par_1_23' title="bbox 284 2206 1356 2263">
     <span class='ocr_line' id='line_1_30' title="bbox 284 2206 1356 2263; baseline 0.001 -13"><span class='ocrx_word' id='word_1_195' title='bbox 284 2207 532 2263; x_wconf 89' lang='lat' dir='ltr'>corporibus</span> <span class='ocrx_word' id='word_1_196' title='bbox 563 2206 627 2248; x_wconf 90' lang='lat' dir='ltr'>vis</span> <span class='ocrx_word' id='word_1_197' title='bbox 658 2212 724 2249; x_wconf 90' lang='lat' dir='ltr'>est</span> <span class='ocrx_word' id='word_1_198' title='bbox 755 2213 800 2249; x_wconf 89' lang='lat' dir='ltr'>et</span> <span class='ocrx_word' id='word_1_199' title='bbox 832 2207 1002 2249; x_wconf 90' lang='lat' dir='ltr'>levibus</span> <span class='ocrx_word' id='word_1_200' title='bbox 1033 2223 1085 2250; x_wconf 86' lang='lat' dir='ltr'>ex</span> <span class='ocrx_word' id='word_1_201' title='bbox 1117 2209 1356 2259; x_wconf 87' lang='lat' dir='ltr'>elementis,</span> 
     </span>
    </p>

    <p class='ocr_par' dir='ltr' id='par_1_24' title="bbox 284 2277 1775 2392">
     <span class='ocr_line' id='line_1_31' title="bbox 284 2277 1775 2336; baseline 0.002 -17"><span class='ocrx_word' id='word_1_202' title='bbox 284 2293 395 2334; x_wconf 88' lang='lat' dir='ltr'>quae</span> <span class='ocrx_word' id='word_1_203' title='bbox 427 2277 549 2319; x_wconf 87' lang='lat' dir='ltr'>facile</span> <span class='ocrx_word' id='word_1_204' title='bbox 579 2277 857 2319; x_wconf 88' lang='lat' dir='ltr'>insinuantur</span> <span class='ocrx_word' id='word_1_205' title='bbox 887 2284 932 2320; x_wconf 93' lang='lat' dir='ltr'>et</span> <span class='ocrx_word' id='word_1_206' title='bbox 962 2278 1181 2321; x_wconf 84' lang='lat' dir='ltr'>insinuata</span> <span class='ocrx_word' id='word_1_207' title='bbox 1210 2288 1389 2336; x_wconf 88' lang='lat' dir='ltr'>repente</span> <span class='ocrx_word' id='word_1_208' title='bbox 1696 2292 1775 2336; x_wconf 83' lang='lat'>355</span> 
     </span>
     <span class='ocr_line' id='line_1_32' title="bbox 284 2348 1342 2392; baseline 0.002 -2"><span class='ocrx_word' id='word_1_209' title='bbox 284 2348 523 2390; x_wconf 88' lang='lat' dir='ltr'>dissoluont</span> <span class='ocrx_word' id='word_1_210' title='bbox 553 2348 687 2389; x_wconf 91' lang='lat' dir='ltr'>nodos</span> <span class='ocrx_word' id='word_1_211' title='bbox 717 2348 856 2390; x_wconf 87' lang='lat' dir='ltr'>omnis</span> <span class='ocrx_word' id='word_1_212' title='bbox 887 2354 934 2390; x_wconf 87' lang='lat' dir='ltr'>et</span> <span class='ocrx_word' id='word_1_213' title='bbox 963 2349 1105 2390; x_wconf 86' lang='lat' dir='ltr'>vincla</span> <span class='ocrx_word' id='word_1_214' title='bbox 1135 2350 1342 2392; x_wconf 82' lang='lat' dir='ltr'>relaxant.</span> 
     </span>
    </p>

    <p class='ocr_par' dir='ltr' id='par_1_25' title="bbox 283 2417 1350 2475">
     <span class='ocr_line' id='line_1_33' title="bbox 283 2417 1350 2475; baseline 0 -15"><span class='ocrx_word' id='word_1_215' title='bbox 283 2424 579 2473; x_wconf 85' lang='lat' dir='ltr'>autumnoque</span> <span class='ocrx_word' id='word_1_216' title='bbox 609 2417 748 2473; x_wconf 84' lang='lat' dir='ltr'>magis</span> <span class='ocrx_word' id='word_1_217' title='bbox 777 2417 915 2459; x_wconf 88' lang='lat' dir='ltr'>stellis</span> <span class='ocrx_word' id='word_1_218' title='bbox 946 2417 1216 2474; x_wconf 82' lang='lat' dir='ltr'>fulgentibus</span> <span class='ocrx_word' id='word_1_219' title='bbox 1246 2425 1350 2475; x_wconf 87' lang='lat' dir='ltr'>apta</span> 
     </span>
    </p>
   </div>
   <div class='ocr_carea' id='block_1_3' title="bbox 160 2559 1778 2987">
    <p class='ocr_par' dir='ltr' id='par_1_26' title="bbox 160 2559 1778 2987">
     <span class='ocr_line' id='line_1_34' title="bbox 166 2559 1775 2604; baseline 0.002 -11"><span class='ocrx_word' id='word_1_220' title='bbox 166 2565 250 2601; x_wconf 74' lang='lat' dir='ltr'>qum</span> <span class='ocrx_word' id='word_1_221' title='bbox 264 2559 354 2594; x_wconf 83' lang='lat' dir='ltr'>Flor.</span> <span class='ocrx_word' id='word_1_222' title='bbox 368 2562 409 2593; x_wconf 84' lang='lat'>31</span> <span class='ocrx_word' id='word_1_223' title='bbox 427 2561 546 2594; x_wconf 86' lang='lat' dir='ltr'>Camb.</span> <span class='ocrx_word' id='word_1_224' title='bbox 558 2563 577 2593; x_wconf 86' lang='lat'>2</span> <span class='ocrx_word' id='word_1_225' title='bbox 595 2561 674 2594; x_wconf 83' lang='lat' dir='ltr'>Vat.</span> <span class='ocrx_word' id='word_1_226' title='bbox 711 2567 857 2603; x_wconf 77' lang='lat' dir='ltr'>perqzmt</span> <span class='ocrx_word' id='word_1_227' title='bbox 865 2564 913 2594; x_wconf 83' lang='lat' dir='ltr'>sic</span> <span class='ocrx_word' id='word_1_228' title='bbox 925 2561 1012 2595; x_wconf 85' lang='lat' dir='ltr'>Mar.</span> <span class='ocrx_word' id='word_1_229' title='bbox 1028 2561 1125 2594; x_wconf 81' lang='lat' dir='ltr'>Junt.</span> <span class='ocrx_word' id='word_1_230' title='bbox 1144 2561 1264 2595; x_wconf 84' lang='lat' dir='ltr'>Lamb.</span> <span class='ocrx_word' id='word_1_231' title='bbox 1321 2562 1384 2594; x_wconf 87' lang='lat'>335</span> <span class='ocrx_word' id='word_1_232' title='bbox 1399 2563 1540 2601; x_wconf 83' lang='lat' dir='ltr'>Deinde,</span> <span class='ocrx_word' id='word_1_233' title='bbox 1553 2563 1648 2604; x_wconf 84' lang='lat' dir='ltr'>quod.</span> <span class='ocrx_word' id='word_1_234' title='bbox 1680 2565 1775 2596; x_wconf 78' lang='lat' dir='ltr'>Adde</span> 
     </span>
     <span class='ocr_line' id='line_1_35' title="bbox 168 2614 1778 2658; baseline 0.001 -11"><span class='ocrx_word' id='word_1_235' title='bbox 168 2616 256 2657; x_wconf 81' lang='lat' dir='ltr'>quod</span> <span class='ocrx_word' id='word_1_236' title='bbox 269 2615 376 2648; x_wconf 83' lang='lat' dir='ltr'>Lach.</span> <span class='ocrx_word' id='word_1_237' title='bbox 394 2614 507 2648; x_wconf 76' lang='lat' dir='ltr'>which</span> <span class='ocrx_word' id='word_1_238' title='bbox 523 2625 633 2648; x_wconf 87' lang='lat' dir='ltr'>seems</span> <span class='ocrx_word' id='word_1_239' title='bbox 650 2619 686 2647; x_wconf 89' lang='lat' dir='ltr'>to</span> <span class='ocrx_word' id='word_1_240' title='bbox 702 2625 757 2648; x_wconf 88' lang='lat' dir='ltr'>me</span> <span class='ocrx_word' id='word_1_241' title='bbox 773 2616 878 2648; x_wconf 88' lang='lat' dir='ltr'>much</span> <span class='ocrx_word' id='word_1_242' title='bbox 892 2616 1025 2648; x_wconf 81' lang='lat' dir='ltr'>weaker</span> <span class='ocrx_word' id='word_1_243' title='bbox 1040 2615 1127 2648; x_wconf 84' lang='lat' dir='ltr'>than</span> <span class='ocrx_word' id='word_1_244' title='bbox 1143 2616 1203 2648; x_wconf 83' lang='lat' dir='ltr'>the</span> <span class='ocrx_word' id='word_1_245' title='bbox 1217 2625 1283 2648; x_wconf 88' lang='lat' dir='ltr'>ms.</span> <span class='ocrx_word' id='word_1_246' title='bbox 1301 2615 1453 2658; x_wconf 82' lang='lat' dir='ltr'>reading.</span> <span class='ocrx_word' id='word_1_247' title='bbox 1564 2617 1628 2648; x_wconf 90' lang='grc'>336</span> <span class='ocrx_word' id='word_1_248' title='bbox 1639 2619 1778 2658; x_wconf 75' lang='lat' dir='ltr'>playast</span> 
     </span>
     <span class='ocr_line' id='line_1_36' title="bbox 166 2670 1778 2712; baseline 0.002 -10"><span class='ocrx_word' id='word_1_249' title='bbox 166 2670 271 2704; x_wconf 80' lang='lat' dir='ltr'>Lach‚</span> <span class='ocrx_word' id='word_1_250' title='bbox 291 2671 345 2702; x_wconf 80' lang='lat' dir='ltr'>for</span> <span class='ocrx_word' id='word_1_251' title='bbox 355 2672 462 2712; x_wconf 75' lang='lat' dir='ltr'>playa</span> <span class='ocrx_word' id='word_1_252' title='bbox 477 2673 517 2704; x_wconf 79' lang='lat' dir='ltr'>si.</span> <span class='ocrx_word' id='word_1_253' title='bbox 562 2672 669 2712; x_wconf 74' lang='lat' dir='ltr'>playa</span> <span class='ocrx_word' id='word_1_254' title='bbox 685 2673 731 2703; x_wconf 82' lang='lat' dir='ltr'>sit</span> <span class='ocrx_word' id='word_1_255' title='bbox 746 2672 774 2703; x_wconf 86' lang='lat' dir='ltr'><strong>F</strong></span> <span class='ocrx_word' id='word_1_256' title='bbox 776 2672 838 2704; x_wconf 84' lang='lat' dir='ltr'>lor.</span> <span class='ocrx_word' id='word_1_257' title='bbox 857 2672 898 2703; x_wconf 82' lang='lat'>31</span> <span class='ocrx_word' id='word_1_258' title='bbox 915 2671 1034 2704; x_wconf 88' lang='lat' dir='ltr'>Gamb.</span> <span class='ocrx_word' id='word_1_259' title='bbox 1052 2671 1100 2703; x_wconf 87' lang='lat' dir='ltr'>all</span> <span class='ocrx_word' id='word_1_260' title='bbox 1118 2671 1230 2703; x_wconf 73' lang='lat' dir='ltr'>before</span> <span class='ocrx_word' id='word_1_261' title='bbox 1248 2671 1355 2703; x_wconf 87' lang='lat' dir='ltr'>Lach.</span> <span class='ocrx_word' id='word_1_262' title='bbox 1509 2673 1572 2705; x_wconf 85' lang='lat'>347</span> <span class='ocrx_word' id='word_1_263' title='bbox 1595 2674 1778 2706; x_wconf 77' lang='lat' dir='ltr'>incendunt</span> 
     </span>
     <span class='ocr_line' id='line_1_37' title="bbox 165 2724 1776 2767; baseline 0.001 -9"><span class='ocrx_word' id='word_1_264' title='bbox 165 2726 195 2758; x_wconf 93' lang='lat' dir='ltr'>B</span> <span class='ocrx_word' id='word_1_265' title='bbox 218 2725 357 2767; x_wconf 81' lang='lat' dir='ltr'>rightly.</span> <span class='ocrx_word' id='word_1_266' title='bbox 403 2727 562 2758; x_wconf 78' lang='lat' dir='ltr'>incedunt</span> <span class='ocrx_word' id='word_1_267' title='bbox 584 2727 615 2758; x_wconf 88' lang='lat' dir='ltr'>A</span> <span class='ocrx_word' id='word_1_268' title='bbox 638 2726 732 2758; x_wconf 82' lang='lat' dir='ltr'>Nice.</span> <span class='ocrx_word' id='word_1_269' title='bbox 778 2724 959 2759; x_wconf 79' lang='lat' dir='ltr'>intendunt</span> <span class='ocrx_word' id='word_1_270' title='bbox 982 2726 1068 2759; x_wconf 89' lang='lat' dir='ltr'>Mar.</span> <span class='ocrx_word' id='word_1_271' title='bbox 1096 2726 1174 2758; x_wconf 91' lang='lat' dir='ltr'>Ald.</span> <span class='ocrx_word' id='word_1_272' title='bbox 1203 2727 1221 2758; x_wconf 91' lang='lat'>1</span> <span class='ocrx_word' id='word_1_273' title='bbox 1246 2727 1344 2758; x_wconf 80' lang='lat' dir='ltr'>Junt.</span> <span class='ocrx_word' id='word_1_274' title='bbox 1369 2725 1491 2759; x_wconf 82' lang='lat' dir='ltr'>Lamb.</span> <span class='ocrx_word' id='word_1_275' title='bbox 1516 2728 1580 2758; x_wconf 90' lang='lat' dir='ltr'>etc.</span> <span class='ocrx_word' id='word_1_276' title='bbox 1713 2729 1776 2761; x_wconf 87' lang='lat'>349</span> 
     </span>
     <span class='ocr_line' id='line_1_38' title="bbox 168 2780 1772 2822; baseline 0.001 -9"><span class='ocrx_word' id='word_1_277' title='bbox 168 2782 351 2813; x_wconf 77' lang='lat' dir='ltr'>transvolat</span> <span class='ocrx_word' id='word_1_278' title='bbox 374 2781 520 2821; x_wconf 85' lang='lat' dir='ltr'>Nauger.</span> <span class='ocrx_word' id='word_1_279' title='bbox 545 2781 635 2821; x_wconf 86' lang='lat' dir='ltr'>vulg.</span> <span class='ocrx_word' id='word_1_280' title='bbox 660 2781 713 2812; x_wconf 86' lang='lat' dir='ltr'>for</span> <span class='ocrx_word' id='word_1_281' title='bbox 742 2782 921 2813; x_wconf 79' lang='lat' dir='ltr'>transviat.</span> <span class='ocrx_word' id='word_1_282' title='bbox 968 2785 1111 2813; x_wconf 80' lang='lat' dir='ltr'>trameat</span> <span class='ocrx_word' id='word_1_283' title='bbox 1138 2780 1207 2813; x_wconf 71' lang='lat' dir='ltr'>Gis.</span> <span class='ocrx_word' id='word_1_284' title='bbox 1388 2781 1452 2812; x_wconf 85' lang='lat'>350</span> <span class='ocrx_word' id='word_1_285' title='bbox 1470 2782 1655 2822; x_wconf 66' lang='lat' dir='ltr'>perfringit</span> <span class='ocrx_word' id='word_1_286' title='bbox 1687 2782 1772 2816; x_wconf 83' lang='lat' dir='ltr'>Mar.</span> 
     </span>
     <span class='ocr_line' id='line_1_39' title="bbox 165 2833 1775 2876; baseline 0.001 -10"><span class='ocrx_word' id='word_1_287' title='bbox 165 2833 243 2867; x_wconf 86' lang='lat' dir='ltr'>Ald.</span> <span class='ocrx_word' id='word_1_288' title='bbox 261 2835 280 2866; x_wconf 89' lang='lat'>1</span> <span class='ocrx_word' id='word_1_289' title='bbox 302 2834 401 2866; x_wconf 78' lang='lat' dir='ltr'>Junt.</span> <span class='ocrx_word' id='word_1_290' title='bbox 422 2835 513 2874; x_wconf 83' lang='lat' dir='ltr'>vulg.</span> <span class='ocrx_word' id='word_1_291' title='bbox 535 2834 589 2866; x_wconf 86' lang='lat' dir='ltr'>for</span> <span class='ocrx_word' id='word_1_292' title='bbox 605 2835 768 2876; x_wconf 75' lang='lat' dir='ltr'>perfriyit</span> <span class='ocrx_word' id='word_1_293' title='bbox 789 2835 830 2872; x_wconf 92' lang='lat' dir='ltr'>B,</span> <span class='ocrx_word' id='word_1_294' title='bbox 848 2835 987 2876; x_wconf 68' lang='lat' dir='ltr'>peofiyit</span> <span class='ocrx_word' id='word_1_295' title='bbox 1008 2834 1049 2872; x_wconf 91' lang='lat' dir='ltr'>A,</span> <span class='ocrx_word' id='word_1_296' title='bbox 1070 2835 1238 2875; x_wconf 75' lang='lat' dir='ltr'>perfreqit</span> <span class='ocrx_word' id='word_1_297' title='bbox 1261 2834 1292 2865; x_wconf 90' lang='lat' dir='ltr'>A</span> <span class='ocrx_word' id='word_1_298' title='bbox 1315 2843 1400 2865; x_wconf 84' lang='lat' dir='ltr'>corr.</span> <span class='ocrx_word' id='word_1_299' title='bbox 1424 2834 1471 2865; x_wconf 86' lang='lat' dir='ltr'>all</span> <span class='ocrx_word' id='word_1_300' title='bbox 1490 2834 1578 2866; x_wconf 83' lang='lat' dir='ltr'>later</span> <span class='ocrx_word' id='word_1_301' title='bbox 1597 2844 1680 2867; x_wconf 87' lang='lat' dir='ltr'>mss.</span> <span class='ocrx_word' id='word_1_302' title='bbox 1697 2835 1775 2868; x_wconf 86' lang='lat' dir='ltr'>Ver.</span> 
     </span>
     <span class='ocr_line' id='line_1_40' title="bbox 166 2889 1776 2932; baseline 0.001 -10"><span class='ocrx_word' id='word_1_303' title='bbox 166 2890 267 2923; x_wconf 85' lang='lat' dir='ltr'>Ven.:</span> <span class='ocrx_word' id='word_1_304' title='bbox 292 2899 404 2930; x_wconf 85' lang='lat' dir='ltr'>comp.</span> <span class='ocrx_word' id='word_1_305' title='bbox 422 2890 485 2921; x_wconf 87' lang='grc'>138</span> <span class='ocrx_word' id='word_1_306' title='bbox 495 2891 710 2931; x_wconf 73' lang='lat' dir='ltr'>perfrinqens</span> <span class='ocrx_word' id='word_1_307' title='bbox 733 2890 763 2921; x_wconf 89' lang='lat' dir='ltr'>A</span> <span class='ocrx_word' id='word_1_308' title='bbox 783 2899 867 2923; x_wconf 86' lang='lat' dir='ltr'>corr.</span> <span class='ocrx_word' id='word_1_309' title='bbox 887 2890 979 2930; x_wconf 84' lang='lat' dir='ltr'>vulg.</span> <span class='ocrx_word' id='word_1_310' title='bbox 990 2891 1179 2931; x_wconf 74' lang='lat' dir='ltr'>perfinyens</span> <span class='ocrx_word' id='word_1_311' title='bbox 1199 2889 1241 2929; x_wconf 90' lang='lat' dir='ltr'>A,</span> <span class='ocrx_word' id='word_1_312' title='bbox 1253 2891 1442 2931; x_wconf 73' lang='lat' dir='ltr'>perfriyens</span> <span class='ocrx_word' id='word_1_313' title='bbox 1462 2889 1503 2921; x_wconf 89' lang='lat' dir='ltr'>B.</span> <span class='ocrx_word' id='word_1_314' title='bbox 1547 2889 1651 2923; x_wconf 84' lang='lat' dir='ltr'>Lach.</span> <span class='ocrx_word' id='word_1_315' title='bbox 1674 2890 1776 2932; x_wconf 86' lang='lat' dir='ltr'>keeps</span> 
     </span>
     <span class='ocr_line' id='line_1_41' title="bbox 160 2943 1776 2987; baseline 0.001 -10"><span class='ocrx_word' id='word_1_316' title='bbox 160 2945 310 2987; x_wconf 75' lang='lat' dir='ltr'>pevfiqit,</span> <span class='ocrx_word' id='word_1_317' title='bbox 327 2943 440 2976; x_wconf 83' lang='lat' dir='ltr'>which</span> <span class='ocrx_word' id='word_1_318' title='bbox 452 2954 517 2976; x_wconf 89' lang='lat' dir='ltr'>can</span> <span class='ocrx_word' id='word_1_319' title='bbox 532 2943 656 2984; x_wconf 83' lang='lat' dir='ltr'>hardly</span> <span class='ocrx_word' id='word_1_320' title='bbox 671 2943 712 2976; x_wconf 89' lang='lat' dir='ltr'>be</span> <span class='ocrx_word' id='word_1_321' title='bbox 727 2943 832 2985; x_wconf 83' lang='lat' dir='ltr'>right.</span> <span class='ocrx_word' id='word_1_322' title='bbox 979 2944 1042 2977; x_wconf 83' lang='lat'>357</span> <span class='ocrx_word' id='word_1_323' title='bbox 1059 2948 1141 2986; x_wconf 77' lang='lat' dir='ltr'>apta</span> <span class='ocrx_word' id='word_1_324' title='bbox 1156 2943 1338 2976; x_wconf 87' lang='lat' dir='ltr'>Turnebus</span> <span class='ocrx_word' id='word_1_325' title='bbox 1353 2943 1463 2976; x_wconf 82' lang='lat' dir='ltr'>Bentl.</span> <span class='ocrx_word' id='word_1_326' title='bbox 1481 2943 1579 2977; x_wconf 85' lang='lat' dir='ltr'>Wak.</span> <span class='ocrx_word' id='word_1_327' title='bbox 1597 2943 1705 2978; x_wconf 84' lang='lat' dir='ltr'>Lach.</span> <span class='ocrx_word' id='word_1_328' title='bbox 1720 2946 1776 2979; x_wconf 78' lang='lat' dir='ltr'>for</span> 
     </span>
    </p>
   </div>
  </div>
 </body>
</html>
