1997 3267
845 188 868 228 I
1607 192 1662 244 67

184 312 310 354 quam
344 297 446 339 Grai
477 300 718 338 memorant
747 310 826 337 nec
854 301 1002 337 nostra
1031 295 1169 337 dicere
1202 295 1350 352 lingua

182 366 375 408 concedit
405 365 527 407 nobis
558 364 688 420 patrii
719 364 925 405 sermonis
955 369 1133 420 egestas,

182 434 257 476 scd
287 439 433 476 tamen
463 434 597 489 ipsam
628 447 719 474 rem
750 431 915 473 facilest
947 446 1156 487 exponere
1188 431 1338 475 verbis.

183 501 402 558 principio,
432 516 574 543 rerum
606 515 733 555 quom
767 500 871 541 dicit
903 500 1258 550 homoeomerian,

183 586 276 612 ossa
305 570 504 612 videlicet
534 585 556 612 e
588 569 789 625 pauxillis
818 574 949 625 atque
980 569 1162 611 minutis
1582 572 1662 624 835

183 640 346 682 ossibus
378 640 446 681 hic
475 644 521 681 et
549 639 602 681 de
634 638 834 694 pauxillis
863 644 995 693 atque
1026 638 1207 680 minutis

183 708 414 750 visceribus
446 707 586 749 viscus
615 707 736 763 gigni
767 721 1043 763 sanguenque
1074 706 1207 748 creari

183 777 403 833 sanguinis
433 776 546 817 inter
576 790 620 817 se
652 775 800 816 multis
830 774 1072 817 coeuntibu’
1103 774 1242 831 guttis

184 860 235 888 ex
266 845 442 901 aurique
473 850 600 900 putat
632 844 751 885 micis
781 844 1012 886 consistere
1042 858 1165 900 posse

184 928 337 955 aurum
368 918 413 955 et
442 913 495 955 de
526 913 650 955 terris
680 918 838 955 terram
871 928 1136 955 concrescere
1169 913 1321 970 parvis,
1583 916 1669 967 840

184 982 356 1038 ignibus
387 997 437 1024 ex
470 981 593 1038 ignis,
623 996 815 1023 umorem
847 981 1067 1023 umoribus
1099 996 1201 1031 esse,

185 1057 326 1094 cetera
356 1051 564 1093 consimili
597 1051 723 1108 fingit
753 1051 919 1092 ratione
952 1056 1177 1107 putatque.

183 1134 262 1162 nec
291 1126 437 1161 tamen
468 1135 558 1161 esse
590 1120 679 1162 ulla
709 1126 831 1175 parte
864 1120 978 1161 idem
1010 1120 1054 1162 in
1084 1120 1213 1162 rebus
1245 1121 1370 1162 inane

185 1188 378 1230 concedit
408 1203 547 1244 neque
578 1188 822 1244 corporibus
852 1188 981 1230 finem
1013 1203 1103 1231 esse
1134 1190 1336 1233 secandis.

186 1272 316 1313 quare
346 1257 392 1299 in
423 1263 607 1313 utraque
639 1258 747 1298 mihi
778 1258 940 1313 pariter
969 1259 1134 1300 ratione
1168 1258 1340 1300 videtur
1585 1260 1664 1313 845

191 1341 329 1368 errare
360 1333 489 1382 atque
522 1327 596 1376 illi,
627 1342 755 1382 supra
785 1342 890 1383 quos
921 1327 1108 1369 diximus
1137 1333 1251 1370 ante,

185 1394 293 1436 adde
324 1395 435 1450 quod
466 1394 665 1436 inbecilla
694 1394 823 1436 nimis
854 1394 1085 1450 primordia
1114 1394 1267 1451 fingit;

185 1465 222 1507 si
252 1464 483 1521 primordia
513 1470 626 1514 sunt,
657 1464 786 1506 simili
818 1479 926 1520 quae
957 1464 1153 1520 praedita
1183 1468 1381 1506 constant

184 1540 340 1576 natura
369 1539 499 1590 atque
530 1534 647 1590 ipsae
678 1549 744 1576 res
775 1540 876 1576 sunt
907 1549 1127 1590 aequeque
1158 1534 1354 1576 laborant

186 1609 231 1646 et
261 1609 442 1659 pereunt
471 1618 610 1659 neque
641 1603 695 1645 ab
726 1604 858 1645 exitio
888 1618 954 1645 res
984 1604 1074 1645 ulla
1104 1604 1302 1645 refrenat.
1586 1604 1670 1656 850

186 1686 286 1713 nam
317 1671 420 1727 quid
450 1671 495 1713 in
526 1686 729 1727 oppressu
761 1671 901 1713 valido
932 1671 1106 1713 durabit
1137 1687 1295 1720 eorum,

187 1747 238 1782 ut
269 1746 447 1782 mortem
481 1740 672 1797 effugiat,
704 1740 781 1782 leti
811 1741 891 1782 sub
922 1740 1126 1782 dentibus
1156 1740 1293 1796 ipsis?

187 1808 299 1867 ignis
328 1824 385 1852 an
413 1824 538 1852 umor
566 1824 622 1852 an
651 1812 786 1851 aura?
816 1809 920 1865 quid
951 1809 1133 1851 horum?
1178 1824 1370 1866 sanguen
1400 1824 1455 1851 an
1485 1811 1613 1851 ossa?

74 1972 165 2013 gives
192 1982 212 2004 a
237 1972 439 2005 far—fetched
464 1971 738 2012 interpretation,
766 1971 909 2004 because
935 1972 979 2003 he
1011 1981 1089 2012 says
1115 1971 1214 2004 Lucr.
1246 1972 1346 2004 could
1376 1974 1437 2004 not
1468 1982 1529 2004 use
1558 1977 1591 2004 et
1620 1973 1672 2004 for

74 2030 185 2060 etiam.
381 2027 444 2059 834
467 2037 561 2067 quom
584 2026 689 2058 Lach.
714 2026 766 2058 for
789 2036 897 2067 quam.
942 2025 1063 2058 Lamb.
1090 2025 1188 2057 reads
1211 2026 1422 2066 Principium
1444 2035 1552 2058 rerum
1576 2036 1674 2067 quam

76 2081 143 2114 and
166 2081 256 2122 joins
279 2081 306 2113 it
328 2081 411 2112 with
433 2081 524 2113 what
547 2081 722 2121 precedes:
751 2080 794 2112 he
816 2080 846 2112 is
869 2079 1025 2112 followed
1047 2080 1092 2121 by
1115 2080 1162 2111 all
1184 2079 1298 2112 before
1321 2079 1425 2113 Lach.
1444 2080 1513 2112 and
1533 2090 1613 2121 may
1632 2080 1675 2113 be

74 2136 175 2177 right.
234 2135 336 2175 ‘quid
358 2135 449 2175 quod
471 2136 520 2167 ita
542 2145 585 2166 ne
613 2134 698 2166 dixit
725 2134 863 2174 quidem
890 2144 1037 2174 usquam
1063 2134 1256 2174 Lucretius,
1284 2134 1342 2166 sed
1368 2145 1477 2166 rerum
1502 2135 1675 2176 principia

76 2200 89 2221 1
113 2191 176 2224 740
199 2190 282 2223 1047
306 2200 333 2221 11
358 2190 438 2223 789³
456 2199 532 2230 says
555 2189 658 2221 Lach.
704 2189 779 2227 Yes,
797 2189 939 2220 because
959 2188 1014 2220 his
1034 2189 1224 2229 primordia
1248 2198 1306 2220 are
1330 2188 1465 2229 plura13
1495 2189 1556 2221 but
1577 2199 1590 2220 1
1612 2190 1674 2222 707

75 2245 118 2277 he
140 2244 253 2276 writes
275 2246 323 2276 Et
346 2246 404 2285 qai
422 2246 631 2285 principium
651 2245 835 2285 ‚qiqnumzz's
858 2254 937 2275 aera
961 2245 1055 2275 rebus
1080 2244 1287 2275 Constituere
1311 2244 1348 2275 of
1368 2243 1466 2275 those
1489 2243 1564 2276 who
1585 2243 1673 2276 have

75 2308 140 2331 one
155 2298 430 2338 first—beginning
447 2299 483 2329 of
496 2297 624 2338 things.
756 2298 818 2330 835
835 2308 851 2330 e
865 2297 964 2330 Pont.
986 2297 1072 2329 Mar.
1089 2297 1163 2330 Ald.
1186 2298 1203 2328 1
1220 2297 1241 2328 J
1244 2299 1316 2330 unt.
1338 2297 1389 2328 for
1405 2298 1456 2329 cle.

141 2353 202 2386 839
226 2353 289 2384 840
311 2354 634 2392 ‹zm-ique...aurum:
666 2360 705 2384 as
727 2351 772 2383 he
793 2351 1026 2391 immediately
1049 2353 1265 2383 enumerates
1288 2350 1347 2383 the
1368 2350 1464 2383 three
1486 2349 1586 2382 other
1611 2350 1675 2382 ele-

75 2407 199 2444 ments,
222 2406 335 2438 Bentl.
359 2415 520 2446 proposes
543 2416 883 2447 aul·cleque...auram.
929 2404 1032 2445 ‘quid
1053 2404 1110 2436 hic
1133 2405 1281 2437 aurum?
1311 2405 1428 2437 oculos
1451 2405 1549 2437 credo
1572 2404 1675 2436 inter-

76 2463 210 2502 pretum
231 2460 652 2501 praestrinxit...Simplic.
677 2463 794 2493 tamen
818 2460 869 2500 [in
892 2460 997 2492 Arist.
1021 2459 1121 2501 phys.
1145 2460 1204 2491 fol.
1228 2459 1248 2492 6
1271 2460 1305 2500 b]
1329 2459 1370 2492 de
1392 2460 1544 2499 Anaxag.
1568 2460 1676 2491 πάντα

77 2515 117 2545 τὰ
141 2515 306 2555 ὁμοιομερῆ
329 2516 392 2546 οἷον
415 2515 452 2546 τὸ
477 2516 556 2555 ὕδωρ
578 2514 599 2553 ἢ
621 2516 683 2555 πῦρ
705 2513 726 2553 ἢ
748 2515 867 2555 χρυσόν
890 2513 967 2544 etc.'
1021 2512 1105 2544 This
1131 2512 1201 2544 and
1227 2511 1325 2544 other
1346 2521 1506 2552 passages
1529 2521 1619 2544 seem
1640 2513 1676 2543 to

77 2567 199 2600 defend
221 2567 279 2599 the
302 2570 393 2600 text:
426 2578 481 2599 see
503 2570 603 2599 notes
626 2569 666 2600 2:
697 2570 755 2608 yet
777 2576 888 2608 comp.
913 2567 988 2598 853.
1141 2566 1204 2598 841
1232 2568 1330 2606 ignis,
1357 2577 1509 2598 umorem.
1554 2568 1671 2606 iynem,

76 2631 217 2653 umorem
231 2632 271 2653 ex
286 2621 407 2653 Lamb.
425 2622 493 2654 and
509 2622 567 2653 the
582 2622 667 2662 plur.
688 2622 718 2653 is
735 2621 912 2654 awkward.
1088 2621 1151 2653 843
1166 2622 1240 2652 ulla
1251 2626 1349 2662 parte
1365 2622 1453 2653 idem
1467 2621 1559 2652 Nice.
1577 2621 1676 2660 vulgo

76 2676 129 2708 for
144 2677 216 2707 ulla
231 2677 317 2707 idem
328 2681 438 2716 parte.
483 2678 557 2708 ulla
571 2678 657 2708 idem
673 2686 713 2708 ex
724 2681 823 2717 parte
839 2675 944 2707 Lach.
962 2675 1103 2707 because
1120 2675 1222 2707 Lucr.
1238 2675 1282 2707 he
1303 2684 1381 2715 says
1396 2675 1477 2716 only
1493 2675 1595 2707 omits
1616 2674 1675 2707 the

77 2730 286 2770 preposition
302 2730 401 2761 when
417 2740 437 2762 a
452 2729 597 2770 genitive
612 2730 642 2761 is
658 2729 787 2767 added3
810 2729 873 2761 but
887 2731 925 2761 in
941 2730 1036 2761 rebus
1052 2739 1162 2760 seems
1183 2729 1377 2769 equivalent
1397 2731 1434 2760 to
1456 2738 1539 2760 one:
1564 2737 1674 2768 comp.

77 2784 198 2815 Juven.
211 2794 246 2814 VI
262 2785 323 2817 437
340 2785 455 2824 Adqae
472 2784 544 2814 alia
555 2788 654 2824 parte
670 2785 708 2815 in
723 2785 853 2815 trutina
868 2784 1041 2823 suspendit
1055 2784 1245 2816 Homerum.
1330 2782 1393 2814 846
1409 2783 1465 2813 illi
1480 2792 1581 2822 supra
1598 2792 1676 2822 quos

78 2848 184 2878 marg.
198 2837 289 2869 Flor.
303 2838 344 2869 32
361 2837 436 2869 Α1ᾱ.
451 2837 469 2867 1
486 2837 507 2868 J
509 2839 582 2869 unt.
599 2837 651 2869 for
666 2839 739 2869 illis
754 2839 833 2869 uira
850 2838 936 2878 quod
950 2837 990 2874 A,
1004 2847 1067 2877 quo
1082 2836 1111 2868 B
1125 2837 1218 2868 Gott.
1254 2837 1327 2868 illis
1335 2838 1440 2877 juxta
1456 2836 1542 2876 quod
1558 2835 1675 2868 Camb.

79 2892 156 2924 Vat.
175 2892 258 2925 1954
274 2891 398 2923 Othob.
410 2893 495 2923 viris
509 2893 608 2923 iuxta
623 2901 702 2932 quos
717 2891 807 2922 Flor.
821 2892 861 2923 31
878 2892 950 2922 illis
966 2892 1064 2923 iuxta
1078 2891 1166 2931 Ang.
1179 2890 1330 2922 Politian
1346 2889 1383 2920 in
1399 2899 1506 2930 marg.
1518 2889 1608 2922 Flor.
1622 2890 1675 2923 29.

144 2947 206 2979 847
227 2946 384 2977 inbecilla
403 2945 492 2976 Flor.
511 2945 550 2976 31
572 2944 688 2977 Camb.
707 2945 759 2976 for
778 2946 951 2977 inbccilia.
1126 2945 1190 2976 852
1211 2945 1351 2985 effuyiat
1371 2944 1400 2975 B
1421 2953 1506 2976 corr.
1527 2943 1618 2975 Flor.
1635 2944 1676 2975 31

1452 3011 1562 3051 5-2
