1997 3267
233 183 316 224 218
1013 176 1054 218 V

348 288 553 330 confluxit
584 287 726 344 gravis
757 292 800 328 et
830 285 1025 328 subsedit
1057 284 1253 326 funditus
1283 288 1334 324 ut
1366 283 1486 335 faex;

346 358 446 399 inde
479 372 593 398 mare
624 357 723 398 inde
754 371 826 397 aer
856 355 956 396 inde
987 354 1137 396 aether
1166 353 1322 409 ignifer
1351 352 1443 408 ipse

348 428 592 483 corporibus
622 425 796 482 liquidis
827 431 928 467 sunt
960 425 1103 466 omnia
1132 438 1240 478 pura
1270 422 1431 471 relicta,

349 502 393 538 et
423 495 585 537 leviora
615 495 709 536 aliis
739 494 835 542 alia,
866 498 910 535 et
941 492 1251 548 liquidissimus
1281 490 1432 532 aether
1753 497 1836 541 500

348 570 479 620 atque
510 563 749 605 levissimus
779 562 915 604 aerias
945 576 1074 617 super
1103 560 1248 602 influit
1279 573 1417 607 auras,

346 648 426 674 nec
455 632 668 688 liquidum
699 645 851 687 corpus
881 630 1161 672 turbantibus
1193 628 1302 669 aeris
1332 626 1448 669 auris

349 703 619 753 commiscet3
659 701 764 742 sinit
795 700 900 742 haec
932 699 1130 741 violentis
1160 697 1304 739 omnia
1334 695 1445 737 verti

349 771 606 820 turbinibus,
638 770 740 811 sinit
771 768 946 810 incertis
976 768 1150 809 turbare
1182 765 1389 822 procellis,

349 840 440 895 ipse
471 854 568 880 suos
598 838 711 894 ignis
741 844 856 879 certo
888 837 970 878 fert
1000 836 1162 891 impete
1193 834 1352 875 labens.
1755 840 1833 884 505

349 923 449 949 nam
482 907 645 948 modice
676 907 808 947 fluere
839 911 969 960 atque
1000 919 1086 945 uno
1116 917 1237 958 posse
1268 901 1443 943 aethera
1471 899 1569 941 nisu

351 976 564 1032 significat
598 975 767 1024 Pontos,
797 988 914 1015 mare
945 978 1061 1014 certo
1093 971 1205 1027 quod
1236 970 1333 1011 fluit
1364 974 1487 1010 aestu

350 1060 486 1087 unum
518 1044 690 1085 labendi
721 1057 974 1084 conservans
1005 1056 1140 1097 usque
1172 1046 1375 1082 tenorem.

410 1114 621 1168 [Motibus
652 1120 864 1154 astrorum
895 1126 1009 1153 nunc
1040 1126 1150 1167 quae
1181 1111 1237 1151 sit
1269 1123 1396 1151 causa
1426 1122 1639 1150 canamus.

351 1183 560 1239 principio
592 1197 774 1239 magnus
805 1182 911 1224 caeli
941 1181 977 1223 si
1008 1181 1194 1222 vortitur
1224 1179 1347 1228 orbis,
1757 1185 1840 1229 510

352 1267 403 1294 ex
434 1259 616 1308 utraque
648 1252 794 1308 polum
825 1251 939 1307 parti
969 1264 1162 1306 premere
1192 1263 1291 1290 aera
1320 1247 1443 1289 nobis

351 1320 580 1362 dicendum
612 1326 678 1362 est
710 1325 917 1374 extraque
949 1324 1094 1360 tenere
1127 1323 1171 1358 et
1202 1316 1399 1358 claudere
1430 1315 1671 1370 utrimque;

352 1390 453 1432 inde
483 1390 617 1431 alium
649 1404 777 1445 supra
808 1389 939 1430 fluere
970 1394 1101 1443 atque
1132 1386 1356 1428 intendere
1388 1385 1538 1427 eodem

353 1473 437 1514 quo
467 1459 673 1500 volvenda
705 1459 866 1499 micant
897 1457 1062 1499 aeterni
1093 1456 1231 1498 sidera
1262 1454 1440 1506 mundi3

352 1534 429 1569 aut
460 1527 592 1569 alium
624 1533 785 1582 supter,
815 1532 962 1567 contra
993 1525 1067 1581 qui
1098 1525 1310 1566 subvehat
1341 1523 1500 1573 orbem,
1758 1533 1836 1576 515

353 1603 404 1638 ut
435 1597 586 1638 fluvios
617 1611 783 1638 versare
813 1601 928 1637 rotas
959 1601 1089 1650 atque
1121 1594 1297 1634 haustra
1329 1592 1536 1634 videmus.

354 1673 419 1708 est
451 1667 581 1708 etiam
613 1680 781 1721 quoque
811 1665 879 1706 uti
909 1664 1044 1720 possit
1075 1663 1240 1704 caelum
1271 1676 1395 1703 omne
1426 1675 1599 1702 manere

353 1735 399 1776 in
431 1735 626 1784 statione,
658 1740 804 1775 tamen
834 1749 933 1775 cum
964 1732 1106 1774 lucida
1137 1732 1259 1787 signa
1290 1731 1508 1782 ferantur3

354 1805 443 1846 sive
475 1805 585 1860 quod
617 1804 771 1845 inclusi
801 1802 940 1858 rapidi
970 1807 1072 1843 sunt
1104 1801 1290 1842 aetheris
1321 1806 1466 1842 aestus

355 1880 692 1929 quaerentesque
725 1873 837 1914 viam
869 1872 1027 1914 circum
1058 1876 1284 1913 versantur
1314 1876 1358 1912 et
1388 1870 1512 1926 ignes
1758 1879 1842 1922 520

354 1942 513 1997 passim
545 1957 621 1997 per
650 1941 755 1983 caeli
786 1941 964 1982 volvunt
997 1939 1250 1982 Summania
1281 1939 1467 1994 templa;

355 2013 444 2054 sive
474 2011 647 2052 aliunde
679 2011 816 2052 fluens
846 2009 1043 2051 alicunde
1076 2009 1341 2050 extrinsecus
1371 2023 1444 2050 aer

354 2088 495 2123 versat
525 2096 656 2137 agens
686 2080 822 2136 ignis3
863 2079 952 2121 sive
984 2079 1067 2134 ipsi
1098 2093 1266 2134 serpere
1296 2083 1477 2134 possunt

355 2166 440 2207 quo
470 2152 676 2206 cuiusque
707 2151 828 2192 cibus
859 2156 982 2191 vocat
1013 2155 1143 2204 atque
1175 2149 1335 2191 invitat
1365 2149 1522 2200 euntis,

356 2220 554 2261 flammea
583 2235 659 2275 per
690 2220 855 2261 caelum
886 2220 1100 2274 pascentis
1131 2233 1305 2274 corpora
1334 2218 1504 2274 passim.
1761 2227 1838 2272 525

354 2304 456 2330 nam
487 2289 590 2344 quid
621 2289 666 2330 in
697 2288 775 2330 hoc
806 2288 968 2330 mundo
999 2288 1056 2329 sit
1086 2302 1233 2330 eorum
1263 2301 1420 2343 ponere
1451 2293 1617 2329 certum

286 2451 349 2482 503
368 2451 558 2481 Commiscet
574 2450 721 2489 Nauger.
736 2449 811 2480 first
827 2449 880 2480 for
898 2449 1081 2480 Commisci.
1168 2449 1257 2480 haec.
1275 2449 1329 2479 hic
1345 2447 1458 2479 Bentl.
1474 2446 1543 2478 and
1563 2445 1688 2484 Lach.;
1710 2445 1774 2478 but
1789 2446 1843 2478 se'e

242 2507 341 2535 notes
357 2504 388 2534 2.
579 2504 641 2535 507
665 2504 798 2539 Pontos,
820 2512 908 2533 mare
925 2502 1029 2534 Lach.
1049 2502 1101 2532 for
1111 2507 1213 2542 ponto
1234 2512 1333 2533 mare.
1379 2502 1480 2532 Ponti
1495 2511 1585 2532 mare
1600 2500 1700 2533 Pont.
1719 2500 1838 2533 Lamb.

244 2558 294 2590 ed.
316 2559 347 2595 3,
365 2563 495 2589 tantum
509 2568 599 2589 mare
614 2557 666 2589 ed.
686 2559 703 2588 1
721 2557 789 2589 and
804 2559 834 2589 2.
1051 2556 1221 2588 513-516
1244 2555 1350 2588 Lach.
1369 2556 1461 2595 quite
1476 2553 1758 2595 misapprehends
1773 2555 1844 2587 and

245 2612 342 2652 sadly
361 2611 539 2643 mutilates
561 2611 631 2642 this
654 2621 810 2651 passage:
836 2611 899 2642 513
921 2610 964 2642 he
986 2610 1085 2641 reads
1106 2611 1255 2641 deorsum
1275 2610 1328 2641 for
1348 2610 1466 2647 eodem,
1490 2609 1552 2640 515
1573 2609 1666 2640 Hinc
1687 2608 1740 2640 for
1754 2610 1843 2648 Aut;

244 2666 312 2698 and
327 2666 439 2706 places
455 2666 518 2697 514
535 2666 622 2697 after
640 2666 700 2697 516
714 2679 720 2697 :
744 2667 806 2696 not
823 2674 886 2696 one
903 2664 939 2696 of
953 2664 1048 2696 these
1063 2664 1211 2704 changes
1227 2664 1287 2695 but
1303 2673 1395 2695 mars
1411 2663 1470 2694 the
1487 2672 1594 2694 sense.

287 2721 350 2752 515
372 2721 450 2753 Aut.
499 2722 560 2751 Ast
575 2721 721 2759 Nauger.
738 2720 828 2759 vulg.
845 2720 1006 2759 wrongly.
1052 2721 1109 2760 qui
1127 2719 1211 2751 Mar.
1231 2719 1377 2758 Nauger.
1394 2717 1520 2758 rightly
1536 2717 1588 2749 for
1603 2718 1688 2758 quis.

288 2776 351 2807 518
376 2776 486 2806 lucida
505 2775 594 2808 Flor.
614 2776 655 2806 31
672 2775 748 2806 Ver.
766 2774 850 2806 Ven.
870 2775 954 2807 Mar.
975 2775 1028 2806 for
1044 2775 1146 2805 lucia.
1301 2774 1362 2805 521
1387 2774 1600 2805 Summania:
1624 2782 1679 2803 see
1694 2774 1791 2803 notes
1807 2773 1839 2805 2.

244 2831 405 2861 immania
437 2829 563 2861 Creech
593 2829 630 2860 in
661 2832 770 2866 notes,
802 2830 907 2861 Lach.
998 2829 1096 2861 Pont.
1131 2839 1208 2869 says
1240 2833 1248 2847 ‘
1260 2830 1444 2860 summania
1473 2837 1535 2868 pro
1570 2826 1756 2859 immania’.
1809 2837 1842 2859 se

244 2885 404 2915 immania
419 2884 545 2915 Avanc.
562 2883 599 2915 in
615 2886 713 2915 notes
728 2885 762 2915 at
779 2883 845 2915 end
861 2883 898 2914 of
919 2883 1085 2919 Catullus,
1103 2882 1223 2915 Lamb.
1246 2882 1450 2922 perversely.
1496 2882 1513 2913 Ι
1534 2890 1618 2912 once
1639 2880 1787 2920 thought
1808 2881 1846 2912 of

244 2947 369 2968 summa
391 2938 482 2970 avia.
626 2937 689 2968 524
712 2938 833 2968 euntis.
879 2937 1008 2968 aventis
1030 2935 1137 2967 Lach.
1275 2936 1339 2967 530
1361 2945 1452 2967 omne
1473 2935 1502 2966 B
1521 2944 1607 2967 corr.
1625 2935 1710 2968 Mar.
1729 2934 1806 2967 Ald.
1824 2937 1842 2967 1
