1997 3267
240 186 254 213 1
263 173 318 222 64
1009 168 1073 209 IV

349 276 658 330 habrotonique
687 290 837 331 graves
869 280 913 316 et
945 275 1088 316 tristia
1118 281 1358 323 centaurea,
1753 286 1828 328 125

349 359 529 401 quorum
560 359 695 385 unum
726 343 895 399 quidvis
926 343 1077 384 leviter
1106 343 1143 384 si
1174 343 1282 384 forte
1313 342 1479 386 duobus

922 427 947 452 ΞΕ

348 481 453 537 quin
482 481 627 536 potius
657 495 803 522 noscas
833 495 975 521 rerum
1007 480 1233 521 simulacra
1262 479 1410 535 vagari

348 550 488 591 multa
517 549 654 590 modis
684 549 832 590 multis
863 549 982 589 nulla
1012 548 1055 589 vi
1084 562 1285 603 cassaque
1316 549 1475 590 sensu?

407 619 511 674 [Sed
542 634 596 660 ne
628 619 735 660 forte
766 624 893 673 putes
924 633 973 659 ea
1004 618 1177 659 demum
1209 617 1296 658 sola
1328 617 1482 673 vagari,

349 702 642 742 quaecumque
673 686 727 727 ab
758 686 884 727 rebus
914 701 1056 727 rerum
1087 686 1313 727 simulacra
1343 685 1560 736 recedunt,
1755 697 1836 738 130

351 761 451 797 sunt
483 756 614 796 etiam
646 770 754 810 quae
786 760 937 810 sponte
968 770 1044 796 sua
1074 755 1314 810 gignuntur
1344 760 1388 796 et
1417 754 1510 810 ipsa

351 825 675 867 constituuntur
705 825 750 866 in
781 824 859 866 hoc
891 824 1007 866 caelo
1038 824 1111 879 qui
1142 823 1301 865 dicitur
1330 838 1413 873 aer,

244 905 315 947 135
351 909 459 950 quae
491 895 639 936 multis
670 895 851 935 formata
881 894 1017 935 modis
1047 893 1231 935 sublime
1263 893 1461 934 feruntur

244 977 313 1016 141
350 979 428 1005 nec
458 964 643 1019 speciem
675 970 842 1005 mutare
873 978 995 1005 suam
1027 962 1240 1018 liquentia
1270 968 1434 1003 cessant

352 1038 396 1074 et
426 1033 632 1088 cuiusque
663 1033 778 1074 modi
809 1033 1040 1073 formarum
1073 1037 1238 1072 vertere
1269 1031 1315 1072 in
1345 1045 1462 1082 oras3
1757 1042 1832 1083 135

245 1113 318 1154 133
352 1106 402 1142 ut
432 1101 569 1142 nubes
601 1101 722 1142 facile
753 1101 970 1142 interdum
1004 1115 1268 1141 concrescere
1300 1099 1345 1140 in
1375 1099 1462 1142 alto

353 1171 565 1212 cernimus
596 1177 640 1212 et
671 1170 821 1212 mundi
852 1170 1035 1225 speciem
1067 1170 1224 1210 violare
1256 1184 1448 1210 serenam

245 1242 323 1293 136
355 1255 452 1281 aera
482 1240 720 1281 mulcentes
751 1246 883 1281 motu.
944 1254 1043 1280 nam
1075 1254 1199 1294 saepe
1231 1238 1468 1295 Gigantum

354 1323 426 1349 ora
456 1308 595 1349 volare
628 1307 829 1348 videntur
860 1312 904 1348 et
935 1307 1131 1348 umbram
1162 1306 1315 1348 ducere
1347 1307 1444 1357 late,

353 1376 570 1418 interdum
601 1377 747 1432 magni
778 1381 945 1417 montes
976 1375 1202 1430 avolsaque
1234 1390 1336 1417 saxa
1759 1386 1841 1426 140

353 1446 572 1487 montibus
602 1446 767 1488 anteire
798 1451 842 1487 013
873 1446 1003 1486 solem
1036 1445 1258 1486 succedere
1289 1449 1467 1500 praeter,

246 1527 324 1565 140
354 1514 453 1556 inde
484 1515 588 1556 alios
618 1514 787 1556 trahere
819 1520 949 1569 atque
980 1513 1179 1554 inducere
1211 1513 1339 1554 belua
1368 1513 1564 1568 nimbos]

246 1595 321 1635 143
413 1583 542 1624 Nunc
573 1598 623 1624 ea
653 1598 782 1639 quam
815 1582 929 1623 facili
960 1590 1005 1623 et
1036 1581 1164 1622 celeri
1194 1581 1359 1622 ratione
1390 1588 1604 1636 genantur

355 1657 649 1707 perpetuoque
680 1651 820 1692 fluant
851 1651 905 1692 ab
935 1650 1062 1691 rebus
1093 1649 1295 1704 lapsaque
1327 1649 1480 1690 cedant

356 1802 523 1843 semper
553 1787 667 1828 enim
698 1802 915 1829 summum
947 1785 1151 1842 quicquid
1182 1786 1235 1828 de
1267 1786 1394 1828 rebus
1425 1786 1617 1828 abundat
1761 1796 1836 1838 145

357 1858 470 1913 quod
500 1858 751 1898 iaculentur.
813 1862 857 1898 et
888 1856 967 1897 hoc
998 1856 1103 1896 alias
1133 1870 1230 1897 cum
1261 1855 1457 1911 pervenit
1487 1855 1532 1896 in
1561 1870 1638 1905 res,

357 1926 525 1976 transit,
555 1931 605 1967 ut
637 1927 680 1966 in
711 1925 861 1980 primis
892 1925 1064 1966 vitrum.
1126 1923 1199 1965 sed
1230 1924 1306 1965 ubi
1337 1939 1486 1978 aspera
1516 1938 1616 1965 saxa

358 2000 435 2036 aut
465 1994 511 2035 in
542 1994 767 2035 materiam
799 1993 906 2049 ligni
937 1992 1145 2048 pervenit,
1176 1992 1237 2033 ibi
1268 1992 1353 2032 iam

359 2062 567 2104 scinditur
597 2067 647 2103 ut
677 2062 844 2103 nullum
876 2060 1151 2102 simulacrum
1183 2059 1357 2101 reddere
1388 2059 1531 2115 possit.

360 2137 406 2172 at
436 2146 531 2172 cum
564 2130 787 2186 splendida
816 2145 926 2185 quae
957 2135 1154 2171 constant
1187 2135 1365 2184 opposta
1395 2130 1569 2170 fuerunt
1764 2138 1843 2180 150

360 2199 587 2254 densaque,
617 2205 668 2240 ut
699 2200 744 2240 in
774 2198 923 2254 primis
954 2199 1175 2253 speculum
1207 2203 1285 2247 est,
1314 2197 1375 2239 nil
1406 2197 1561 2238 accidit
1591 2197 1740 2238 horum
1757 2212 1767 2249 ;

248 2398 378 2429 Probus
399 2399 437 2429 to
459 2397 519 2429 ecl.
543 2407 578 2429 VI
601 2398 641 2429 31
667 2407 723 2428 are
746 2396 959 2436 ambiguous.
1103 2395 1200 2428 129—
1211 2395 1283 2432 142,
1309 2393 1479 2434 strangely
1501 2393 1703 2434 transposed
1724 2393 1762 2425 in
1784 2393 1843 2426 the

248 2462 331 2484 mss.
348 2462 386 2483 as
401 2461 479 2491 may
497 2452 536 2483 be
553 2461 631 2482 seen
647 2451 692 2492 by
708 2461 769 2483 our
785 2449 960 2482 left-hand
984 2449 1200 2489 numbering,
1220 2459 1304 2480 were
1326 2449 1401 2480 first
1423 2448 1569 2488 brought
1588 2448 1662 2480 into
1683 2448 1779 2479 order
1799 2448 1843 2489 by

249 2506 307 2538 the
334 2509 512 2538 acuteness
536 2505 572 2536 of
592 2505 735 2537 Lamb.:
769 2514 822 2536 see
846 2504 952 2535 above
974 2513 1008 2544 p.
1026 2504 1067 2535 30
1091 2504 1143 2534 for
1166 2513 1186 2535 a
1209 2502 1360 2543 possible
1383 2501 1604 2542 explanation
1627 2502 1664 2533 of
1683 2501 1754 2533 this
1776 2502 1842 2533 dis-

250 2561 357 2593 order.
490 2561 551 2590 138
574 2564 674 2590 motu.
701 2570 789 2591 nam.
834 2565 956 2591 motum
978 2561 1015 2590 in
1038 2558 1130 2590 Nice.
1147 2558 1206 2590 the
1222 2567 1322 2589 cause
1344 2557 1380 2588 of
1401 2559 1494 2596 great
1511 2555 1690 2587 confusion
1705 2556 1743 2586 in
1757 2556 1844 2587 later

250 2627 331 2648 mss.
348 2616 417 2649 and
433 2615 503 2647 eds.
520 2614 632 2646 before
649 2614 732 2646 Mar.
752 2614 771 2644 J
775 2617 846 2646 unt.
868 2613 937 2645 and
952 2612 1073 2644 Lamb.
1207 2612 1268 2642 143
1284 2616 1449 2651 yenantur
1463 2610 1583 2641 Lamb.
1600 2611 1653 2641 for
1667 2615 1842 2650 yerantur:

251 2680 271 2701 a
286 2679 465 2709 necessary
481 2668 610 2708 change
625 2667 715 2704 here,
733 2667 865 2706 though
879 2667 923 2698 he
940 2667 1034 2697 often
1050 2665 1246 2696 introduces
1263 2664 1321 2696 the
1339 2664 1430 2695 word
1445 2663 1588 2694 without
1603 2673 1714 2694 cause.

294 2725 388 2755 After
406 2724 467 2754 144
483 2733 503 2754 a
519 2731 611 2754 verse
626 2721 689 2752 has
705 2721 903 2760 manifestly
919 2721 1004 2751 been
1019 2720 1085 2751 lost
1099 2732 1106 2751 z
1131 2719 1157 2750 it
1173 2718 1203 2750 is
1219 2718 1355 2749 curious
1373 2718 1449 2749 that
1464 2717 1630 2749 Marullus
1643 2717 1711 2749 and
1722 2717 1842 2749 Lamb.

253 2777 375 2808 should
391 2776 477 2808 have
498 2773 699 2807 overlooked
719 2773 800 2805 this.
851 2773 963 2804 ‘deest
979 2773 1118 2812 Percipe
1135 2772 1187 2803 vel
1204 2772 1401 2811 Expediam,
1419 2773 1494 2801 tum
1516 2769 1661 2809 paucula
1682 2780 1702 2801 a
1722 2770 1844 2810 quibus

252 2829 338 2861 illud
354 2832 439 2861 enim
455 2828 546 2868 quod
562 2827 728 2859 subicitur
739 2826 886 2866 pendeat
895 2827 902 2841 ’
914 2826 1021 2857 Lach.
1111 2826 1172 2858 147
1190 2825 1258 2856 and
1271 2826 1332 2855 152
1345 2827 1469 2855 vitrum
1480 2822 1706 2864 Oppenrieder
1715 2824 1768 2854 for
1775 2834 1844 2855 ves-

255 2889 330 2915 tem:
352 2894 372 2915 a
385 2893 563 2923 necessary
576 2881 763 2913 correction
776 2880 887 2911 which
900 2880 927 2911 it
943 2880 973 2910 is
990 2884 1128 2918 strange
1143 2879 1277 2910 neither
1292 2878 1412 2909 Lamb.
1425 2887 1488 2908 nor
1503 2877 1609 2908 Lach.
1621 2876 1743 2908 should
1757 2876 1844 2908 have

254 2936 370 2967 made:
395 2935 515 2967 Lamb.
532 2934 653 2966 indeed
669 2943 741 2965 sees
756 2933 815 2965 the
836 2933 1001 2972 difficulty
1023 2931 1180 2963 involved
1201 2931 1239 2962 in
1262 2936 1391 2967 vestem,
1408 2929 1510 2962 Lach.
1530 2930 1610 2961 does
1630 2932 1710 2962 not:
1733 2939 1842 2970 comp.
