1997 3267
219 181 304 231 264
996 177 1062 219 VI

333 283 579 326 concutitur
609 283 715 325 caeli
746 283 899 325 domus
930 282 1121 340 undique
1153 288 1331 340 totaque
1363 285 1504 335 tellus,

334 358 379 395 et
409 368 508 395 cum
541 360 735 409 tempora
765 367 810 395 se
841 353 945 395 veris
975 352 1174 395 florentia
1204 353 1413 408 pandunt.

334 422 487 477 frigore
519 422 634 464 enim
665 422 823 464 desunt
854 422 977 479 ignes
1007 421 1214 477 ventique
1247 422 1384 464 calore
1749 424 1835 478 360

333 491 541 533 deficiunt
572 506 712 547 neque
744 496 846 533 sunt
878 496 969 532 tam
1000 491 1131 533 denso
1162 506 1335 547 corpore
1366 491 1514 534 nubes.

333 560 654 616 interutrasque
686 560 822 615 igitur
852 574 951 601 cum
983 560 1090 602 caeli
1121 566 1317 615 tempora
1347 565 1556 610 constant,

334 634 429 671 tum
461 629 603 670 variae
635 643 786 670 causae
819 634 1078 670 concurrunt
1111 628 1305 670 fulminis
1336 643 1493 670 omnes.

335 712 434 738 nam
467 697 602 738 fretus
632 696 725 752 ipse
756 697 858 738 anni
890 696 1121 752 permiscet
1152 696 1288 752 frigus
1319 702 1356 738 et
1386 702 1567 746 aestum,

334 781 516 822 quorum
546 771 777 822 utrumque
806 780 913 822 opus
941 771 1007 808 est
1037 765 1285 808 fabricanda
1309 766 1364 808 ad
1390 766 1572 808 fulmina
1597 765 1715 816 nubi,
1749 767 1829 821 365

335 841 385 876 ut
415 835 624 876 discordia
654 835 709 876 sit
739 849 883 876 rerum
915 849 1156 890 magnoque
1189 835 1385 877 tumultu

335 904 508 960 ignibus
539 911 584 947 et
615 905 756 947 ventis
787 904 1046 946 furibundus
1077 904 1260 946 fluctuet
1291 919 1372 946 aer.

335 974 475 1030 prima
504 974 654 1015 caloris
685 974 800 1016 enim
832 989 930 1030 pars
961 980 1006 1015 et
1036 980 1255 1030 postrema
1284 974 1447 1030 rigoriS,

337 1050 510 1099 tempus
540 1043 582 1084 id
616 1048 682 1085 est
714 1058 919 1095 vernum;
959 1057 1091 1098 quare
1122 1057 1316 1099 pugnare
1347 1047 1563 1085 necessest

335 1109 554 1151 dissimilis
584 1124 651 1152 res
681 1109 795 1151 inter
825 1124 870 1151 se
902 1109 1161 1165 turbareque
1194 1109 1362 1151 mixtas.
1750 1118 1836 1163 370

337 1185 381 1220 et
411 1179 524 1220 calor
555 1185 774 1221 extremus
805 1179 943 1235 primo
974 1193 1072 1220 cum
1105 1178 1260 1235 frigore
1292 1179 1455 1220 mixtus

341 1247 538 1296 volvitur,
569 1247 770 1288 autumni
802 1247 916 1302 quod
948 1247 1084 1288 fertur
1114 1247 1286 1289 nomine
1318 1253 1504 1302 tempus,

338 1317 406 1359 hic
437 1332 605 1373 quoque
637 1317 875 1374 confligunt
907 1317 1071 1359 hiemes
1101 1317 1340 1359 aestatibus
1370 1331 1497 1359 acres.

337 1392 565 1442 propterea
583 1386 708 1443 freta
737 1392 841 1428 sunt
872 1387 976 1428 haec
1007 1386 1110 1428 anni
1140 1386 1450 1436 nominitanda,

337 1471 414 1498 nec
445 1457 657 1507 mirumst,
688 1457 732 1498 in
764 1471 814 1499 eo
845 1456 880 1497 si
911 1462 1104 1511 tempore
1136 1456 1321 1511 plurima
1352 1455 1464 1496 fiunt
1750 1463 1831 1508 375

339 1525 520 1567 fulmina
549 1531 872 1581 tempestasque
904 1525 1041 1567 cietur
1071 1524 1245 1567 turbida
1275 1524 1403 1575 caelo,

337 1594 517 1650 ancipiti
548 1595 750 1651 quoniam
782 1594 894 1636 bello
925 1593 1128 1635 turbatur
1158 1594 1389 1649 utrimque,

338 1663 438 1705 hinc
470 1663 654 1705 flammis
685 1663 803 1705 illinc
836 1663 977 1705 ventis
1009 1677 1242 1718 umoreque
1275 1662 1421 1704 mixto.

399 1733 493 1774 Hoc
525 1740 590 1774 est
622 1733 794 1789 igniferi
825 1739 1025 1774 naturam
1058 1732 1251 1773 fulminis
1281 1732 1419 1787 ipsam

338 1801 577 1856 perspicere
610 1809 655 1842 et
686 1816 771 1856 qua
803 1801 845 1842 vi
877 1801 1006 1842 faciat
1037 1815 1126 1842 rem
1159 1815 1375 1856 quamque
1406 1799 1563 1850 videre,
1751 1799 1836 1854 380

338 1886 420 1912 non
454 1871 674 1926 Tyrrhena
705 1878 818 1911 retro
851 1870 1096 1911 volventem
1128 1870 1318 1911 carmina
1347 1870 1505 1911 frustra

338 1939 497 1980 indicia
527 1939 717 1981 occultae
748 1939 898 1980 divum
930 1939 1174 1994 perquirere
1206 1938 1376 1989 mentis,

338 2009 451 2050 unde
485 2009 631 2049 volans
662 2008 774 2064 ignis
805 2007 1050 2064 pervenerit
1081 2013 1158 2049 aut
1189 2007 1234 2048 in
1266 2014 1409 2049 utra-m
1440 2021 1485 2049 se

340 2077 518 2119 verterit
551 2077 649 2118 hinc
680 2077 851 2132 partim,
883 2092 967 2133 quo
998 2082 1124 2132 pacto
1156 2091 1232 2132 per
1262 2077 1354 2118 loca
1382 2082 1533 2132 saepta

338 2146 578 2196 insinuarit,
609 2152 654 2188 et
685 2146 784 2188 hinc
815 2146 1063 2188 dominatus
1094 2152 1145 2187 ut
1176 2145 1383 2188 extulerit
1413 2160 1470 2196 se,
1749 2146 1830 2200 385

339 2216 495 2272 quidve
526 2230 675 2257 nocere
708 2220 838 2271 queat
869 2215 922 2256 de
954 2215 1069 2257 caelo
1099 2215 1294 2256 fulminis
1325 2215 1448 2256 ictus.

226 2356 308 2386 alta.
441 2355 504 2387 359
520 2365 552 2386 se
568 2357 655 2386 veris
673 2354 764 2386 Flor.
782 2355 822 2386 31
841 2354 961 2386 Camb.
979 2354 1064 2386 Mar.
1082 2357 1146 2386 etc.
1164 2354 1217 2385 for
1232 2355 1324 2386 seris.
1374 2354 1457 2384 seris
1475 2351 1587 2395 (veris)
1605 2351 1682 2384 Ver.
1703 2351 1786 2385 Ven.
1808 2392 1812 2396 ι

268 2409 330 2442 360
346 2411 454 2442 calore
472 2411 557 2443 Mar.
573 2421 628 2450 ap.
648 2410 774 2441 Victor.
793 2410 828 2441 in
845 2410 896 2442 ed.
915 2409 1000 2443 Ven.
1020 2410 1097 2442 Ald.
1115 2411 1133 2441 1
1151 2409 1248 2441 Junt.
1266 2409 1318 2441 for
1333 2410 1469 2441 calores.
1625 2408 1688 2440 362
1705 2409 1833 2440 Intera-

226 2469 370 2504 truxque.
419 2466 651 2505 lucet-utraque
676 2464 782 2496 Lach.
936 2465 1000 2496 364
1024 2470 1056 2496 et
1079 2463 1190 2495 added
1213 2463 1257 2504 by
1281 2463 1367 2494 Mar.
1397 2462 1495 2494 Junt.
1534 2463 1687 2502 sriqidus
1709 2468 1836 2495 aestum

226 2519 317 2550 Nico.
341 2520 377 2549 to
399 2518 526 2552 Avane.
576 2520 621 2550 ad
637 2524 762 2550 aestum
777 2518 923 2551 Nonius.
1101 2518 1164 2550 365
1180 2519 1261 2549 nubi
1278 2516 1385 2548 Lach.
1403 2516 1456 2547 for
1471 2517 1565 2548 nobis
1581 2515 1694 2548 which
1708 2516 1772 2548 has
1788 2525 1834 2547 no

225 2583 331 2605 sense.
501 2574 564 2606 366
579 2577 624 2606 sit
641 2573 751 2605 added
767 2573 810 2614 by
826 2572 912 2604 Mar.
930 2572 1007 2604 Ald.
1027 2574 1044 2604 1
1061 2572 1158 2604 Junt.
1207 2574 1255 2604 sic
1271 2572 1298 2602 F
1300 2572 1362 2603 lor.
1381 2572 1420 2602 31
1439 2571 1558 2603 Camb.
1711 2570 1776 2602 368
1791 2576 1834 2609 et,

226 2629 346 2666 riyoris
363 2627 448 2659 Mar.
469 2627 488 2658 J
492 2630 565 2659 unt.
583 2627 673 2667 vulg.
692 2627 745 2658 for
761 2632 818 2666 est,
841 2628 967 2667 liyoris.
1014 2625 1120 2657 Lach.
1137 2625 1240 2666 keeps
1257 2631 1314 2664 est,
1335 2625 1405 2656 and
1421 2625 1472 2656 for
1487 2625 1525 2656 id
1540 2624 1639 2656 reads
1653 2629 1703 2656 ut.

270 2681 333 2713 370
357 2691 407 2712 res
431 2683 521 2713 inter
544 2691 577 2713 se
600 2681 690 2712 Flor.
710 2681 749 2712 31
767 2680 886 2712 Camb.
903 2681 922 2711 3
943 2680 1021 2711 Vat.
1040 2680 1092 2711 for
1113 2681 1202 2711 inter
1222 2690 1266 2711 se.
1315 2681 1404 2711 inter
1424 2689 1457 2710 se
1478 2689 1530 2710 res
1551 2678 1627 2709 Ver.
1644 2677 1727 2710 Ven.
1748 2677 1834 2710 Mar.

225 2735 314 2774 vulg.
332 2734 439 2766 Lach.
457 2735 618 2775 wrongLy,
635 2745 673 2766 as
690 2736 778 2766 inter
792 2745 825 2765 se
845 2735 875 2765 is
894 2733 1085 2774 metrically
1101 2742 1165 2764 one
1184 2732 1288 2764 word.
1465 2734 1528 2765 374
1545 2735 1641 2774 freta
1660 2732 1770 2765 added
1790 2733 1836 2775 by

227 2789 330 2820 Lach.
347 2792 439 2821 most
455 2790 599 2829 acutely.
645 2789 734 2821 Flor.
752 2789 792 2820 31
811 2789 929 2820 Camb.
946 2789 1032 2821 Mar.
1052 2788 1142 2828 vulg.
1160 2788 1228 2820 add
1244 2789 1331 2819 bella
1346 2787 1434 2820 after
1451 2789 1541 2819 haec.
1675 2788 1738 2820 375
1754 2798 1790 2820 eo
1805 2790 1835 2819 si

227 2844 254 2874 Β
271 2854 354 2876 corr.
375 2844 496 2876 Lamb.
516 2844 569 2875 for
585 2854 646 2877 eos.
695 2845 725 2875 si
741 2846 778 2875 in
793 2853 829 2875 eo
845 2845 892 2874 sic
911 2843 1029 2875 Camb.
1046 2843 1132 2874 Mar.
1179 2845 1208 2874 si
1227 2845 1261 2874 ιίι
1279 2853 1314 2874 eo
1336 2847 1405 2873 tum
1425 2842 1553 2874 Avario.
1599 2843 1629 2873 si
1650 2843 1688 2873 in
1708 2852 1745 2874 eo
1766 2844 1837 2874 iam

228 2898 327 2929 Pont.
345 2898 442 2930 Junt.
588 2898 651 2931 376
668 2899 775 2929 cietur
791 2898 927 2928 turbida
942 2897 971 2927 B
988 2906 1071 2928 corr.
1092 2895 1185 2927 Flor.
1203 2897 1244 2927 31
1257 2895 1376 2927 Camb.
1395 2895 1487 2926 Brix.
1505 2894 1557 2926 for
1573 2896 1622 2926 cie
1641 2895 1786 2926 turbida.

271 2954 333 2984 382
348 2956 466 2985 mentis
481 2953 572 2985 Flor.
589 2953 631 2985 31
648 2952 766 2984 Camb.
784 2954 804 2983 2
821 2952 898 2984 Vat.
915 2952 1002 2984 Mar.
1019 2951 1072 2984 for
1090 2952 1204 2983 menti.
1294 2951 1358 2982 384
1374 2951 1451 2982 hinc
1469 2950 1553 2982 Mar,
1573 2949 1678 2982 Lach.
1694 2949 1747 2981 for
1763 2950 1829 2989 hic,
