1997 3267
217 143 296 196 198
977 138 1041 180 IV

328 263 428 304 prae
460 247 618 299 macie3
658 246 838 289 rhadine
869 251 1009 287 verost
1041 245 1127 287 iam
1159 251 1329 287 mortua
1359 245 1479 287 tussi.

327 319 373 355 at
404 313 574 355 tumida
604 318 649 355 et
679 327 915 354 mammosa
946 311 1076 355 Ceres
1107 317 1173 353 est
1204 311 1298 367 ipsa
1327 311 1382 353 ab
1416 310 1579 361 Iaccho,

327 382 484 424 simula
514 382 662 424 Silena
691 396 738 422 ac
770 386 969 430 Saturast,
1000 380 1170 422 labeosa
1200 380 1399 435 philema.

327 456 470 493 cetera
498 450 551 492 de
582 464 737 506 genere
769 449 848 491 hoc
879 449 1054 505 longum
1086 455 1152 491 est
1182 449 1218 490 si
1249 448 1388 490 dicere
1420 462 1555 490 coner.
1708 458 1817 500 1170

328 520 401 562 sed
431 525 579 562 tamen
611 524 701 561 esto
733 519 818 560 iam
851 518 1082 573 quantovis
1113 517 1195 559 oris
1227 517 1395 567 honore,

327 590 396 632 cui
428 589 607 631 Veneris
638 587 843 629 membris
877 587 938 629 vis
969 587 1168 629 omnibus
1200 587 1438 629 exoriatur:

328 673 484 714 nempe
516 658 624 698 aliae
656 671 826 712 quoque
857 661 983 707 sunt3
1023 671 1177 711 nempe
1210 655 1289 697 hac
1320 655 1411 696 sine
1444 653 1630 696 viximus
1660 662 1789 707 ante3

327 741 482 782 nempe
513 726 662 768 eadem
695 725 808 775 facit,
840 731 885 767 et
915 725 1072 767 scimus
1103 726 1251 775 facere,
1283 724 1428 766 omnia
1457 725 1586 780 turpi,

327 802 372 837 et
403 795 601 837 miseram
634 794 785 837 taetris
816 809 860 836 se
891 794 1008 836 suffit
1039 794 1238 836 odoribus
1269 793 1363 849 ipsa
1712 804 1815 847 1175

328 880 456 922 quam
488 865 673 906 famulae
706 864 830 921 longe
863 864 1054 921 fugitant
1086 864 1323 919 furtimque
1354 863 1623 905 cachinnant.

327 941 373 977 at
404 934 630 976 lacrimans
660 933 857 975 exclusus
887 938 1054 975 amator
1084 933 1234 974 limina
1265 947 1392 988 saepe

328 1004 502 1046 floribus
533 1009 578 1045 et
610 1003 736 1045 sertis
767 1002 905 1059 operit
936 1002 1155 1058 postisque
1187 1002 1392 1057 superbos

328 1074 484 1131 unguit
515 1073 756 1115 amaracino
788 1079 832 1114 et
864 1072 1024 1114 foribus
1055 1072 1183 1113 miser
1215 1071 1357 1113 oscula
1389 1071 1509 1127 figit;

327 1158 454 1199 quem
487 1143 533 1193 si,
564 1143 649 1184 iam
681 1142 945 1192 ammissum,
979 1141 1224 1183 venientem
1256 1141 1483 1183 offenderit
1514 1155 1619 1182 aura
1709 1143 1819 1184 1180

328 1228 415 1255 una
445 1213 582 1262 modo,
613 1227 760 1254 causas
791 1211 979 1254 abeundi
1011 1217 1188 1267 quaerat
1220 1211 1431 1261 honestas,

328 1287 373 1323 et
403 1281 615 1323 meditata
644 1281 719 1323 diu
751 1280 876 1322 cadat
908 1281 994 1322 alte
1027 1286 1200 1336 sumpta
1231 1279 1432 1336 querella,

326 1350 601 1406 stultitiaque
631 1350 692 1392 ibi
722 1364 766 1392 se
797 1349 985 1399 damnet,
1015 1349 1217 1391 tribuisse
1249 1349 1361 1405 quod
1391 1349 1456 1391 illi

327 1420 424 1476 plus
455 1419 600 1461 videat
632 1433 760 1475 quam
792 1419 963 1460 mortali
994 1418 1223 1460 concedere
1255 1433 1332 1474 par
1363 1424 1439 1460 est.

327 1504 405 1530 nec
435 1489 624 1530 Veneres
655 1493 820 1529 nostras
852 1487 930 1529 hoc
962 1487 1097 1539 fallit;
1138 1502 1221 1543 quo
1253 1486 1390 1543 magis
1420 1487 1538 1543 ipsae
1706 1490 1811 1542 1185

326 1557 469 1599 omnia
499 1572 666 1598 summo
698 1572 823 1612 opere
856 1557 931 1598 hos
963 1556 1077 1598 vitae
1109 1556 1334 1612 poscaenia
1365 1557 1505 1598 celant

328 1640 432 1681 quos
462 1625 647 1667 retinere
679 1625 831 1666 volunt
861 1624 1173 1679 adstrictosque
1206 1639 1296 1666 esse
1327 1624 1373 1665 in
1404 1639 1558 1674 amore,

328 1694 600 1750 nequiquam,
631 1693 833 1749 quoniam
865 1699 914 1735 tu
946 1693 1088 1734 animo
1120 1700 1266 1734 tamen
1297 1694 1440 1734 omnia
1470 1693 1604 1749 possis

327 1763 574 1819 protrahere
605 1762 651 1804 in
682 1762 821 1804 lucem
852 1768 983 1818 atque
1015 1761 1152 1803 omnis
1183 1761 1398 1817 inquirere
1430 1762 1539 1804 risus

327 1839 382 1882 et,
413 1833 449 1874 si
478 1832 590 1874 bello
621 1833 807 1874 animost
839 1839 883 1875 et
914 1847 998 1874 non
1029 1833 1184 1882 odiosa,
1218 1832 1403 1874 vicissim
1709 1846 1817 1888 1190

325 1902 671 1957 praetermittere
702 1908 739 1944 et
770 1902 969 1943 humanis
1001 1902 1231 1944 concedere
1262 1902 1400 1945 rebus.

385 1971 478 2013 Nec
509 1971 664 2012 mulier
693 1985 861 2027 semper
891 1971 990 2012 ficto
1021 1971 1208 2026 suspirat
1239 1986 1382 2014 amore

326 2055 435 2096 quae
465 2041 672 2097 conplexa
701 2040 783 2082 viri
813 2056 964 2097 corpus
995 2055 1092 2082 cum
1125 2055 1296 2096 corpore
1328 2041 1471 2098 iungit

326 2115 371 2152 et
402 2116 523 2152 tenet
553 2110 742 2152 adsuctis
773 2116 995 2152 umectans
1026 2110 1168 2151 oscula
1199 2110 1337 2151 labris.

326 2193 426 2220 nam
458 2179 559 2221 facit
591 2195 643 2221 ex
673 2180 815 2221 animo
846 2194 972 2235 saepe
1004 2185 1048 2221 et
1079 2179 1322 2222 communia
1353 2194 1561 2235 quaerens
1703 2191 1809 2236 1195

326 2248 484 2304 gaudia
513 2248 716 2290 sollicitat
747 2249 936 2304 spatium
969 2248 1192 2290 decurrere
1222 2248 1388 2291 amoris.

326 2331 404 2358 nec
434 2317 599 2359 ratione
630 2317 715 2359 alia
748 2317 937 2359 volucres
971 2323 1167 2358 armenta
1198 2317 1395 2372 feraeque

279 2469 363 2501 1168
379 2471 423 2501 At
440 2470 566 2500 tumida
582 2469 685 2501 Bern.
702 2469 755 2500 for
770 2470 815 2500 At
830 2470 976 2500 iamina:
1000 2467 1072 2499 this
1087 2468 1105 2499 Ι
1121 2467 1189 2499 had
1205 2468 1332 2508 myself
1346 2477 1426 2499 seen
1442 2477 1548 2509 many
1562 2477 1662 2509 years
1682 2478 1746 2510 ago
1767 2479 1814 2502 on

213 2524 412 2564 comparing
428 2523 515 2555 Ovid
531 2533 587 2555 ars
603 2533 631 2554 11
648 2523 721 2561 661,
739 2523 848 2555 where
863 2523 907 2555 he
923 2523 954 2554 is
969 2522 1144 2563 imitating
1157 2523 1258 2554 Lucr.
1290 2525 1335 2554 At
1347 2524 1470 2554 Lamia
1485 2523 1609 2555 Avano.
1630 2523 1737 2556 Lach.
1768 2526 1814 2557 At

213 2592 344 2620 aemma
359 2580 479 2612 Lamb.
496 2581 587 2621 vulg.
678 2582 760 2614 1174
779 2582 869 2621 turpi
886 2581 1028 2621 Nauger.
1051 2581 1103 2612 for
1119 2583 1236 2622 turpis.
1330 2581 1413 2614 1176
1428 2583 1520 2622 lonye
1532 2581 1624 2613 Flor.
1637 2582 1678 2614 31
1695 2582 1812 2614 Camb.

213 2636 263 2667 for
282 2636 382 2675 louyi.
473 2635 558 2666 1180
574 2636 642 2666 iam
658 2637 847 2666 ammissum
864 2635 1067 2677 (admissum)
1086 2634 1205 2667 Lamb.
1224 2635 1277 2666 for
1292 2637 1361 2667 iam
1376 2637 1520 2667 missum.
1571 2637 1640 2667 iam
1655 2638 1814 2669 ammissa

213 2688 320 2721 Lach.
338 2691 406 2720 ‘iam
423 2690 516 2720 iussu
530 2688 633 2720 Bem.
664 2690 733 2720 iam
749 2691 928 2720 immissum
945 2689 1030 2720 Mar.
1047 2688 1122 2722 Ald.
1144 2689 1162 2720 1
1179 2689 1274 2721 Junt.
1313 2691 1506 2720 venientem.
1551 2691 1685 2721 veniens
1700 2689 1774 2723 Ald.
1793 2691 1812 2722 1

211 2745 307 2777 Junt.
328 2744 439 2776 Bentl.
556 2744 638 2775 1182
663 2745 763 2775 cadat
778 2743 899 2775 Lamb.
916 2743 968 2774 for
983 2745 1087 2776 cadet.
1204 2744 1288 2775 1183
1313 2744 1484 2776 Stultitia.
1529 2745 1707 2776 Stultitiae
1723 2744 1811 2777 Mar.

212 2798 286 2830 Ald.
312 2800 329 2829 1
354 2799 450 2831 Junt.
477 2798 582 2831 Lach.
729 2799 813 2830 1188
832 2800 939 2839 possis
964 2798 1049 2831 Mar.
1077 2798 1172 2830 Junt.
1201 2798 1254 2830 for
1271 2808 1394 2839 posses.
1536 2798 1620 2831 1189
1643 2800 1814 2839 inquirere

213 2855 310 2885 risus.
360 2854 397 2884 in
413 2863 490 2884 usus
506 2852 605 2885 Pont.
621 2852 719 2885 Junt.
766 2855 854 2884 lusus
878 2853 962 2884 Mar.
985 2852 1160 2884 Candidus
1181 2855 1217 2884 at
1235 2852 1302 2884 end
1323 2852 1360 2884 of
1379 2852 1476 2884 Junt.
1521 2854 1697 2893 anquirere
1719 2854 1812 2886 nisus

212 2905 330 2936 Lamb.
356 2905 480 2937 Creeeh
503 2909 565 2939 etc.
765 2906 847 2939 1191
871 2911 903 2938 et
926 2905 1035 2938 added
1057 2905 1102 2947 by
1125 2905 1212 2938 Mar.
1235 2905 1340 2938 Lach.
1387 2906 1635 2938 Praetermittet
1658 2911 1689 2939 te
1711 2906 1812 2939 Junt.
