1997 3267
742 655 793 702 T.
842 651 1142 701 LUCRETI
1189 649 1355 699 CARI

565 827 682 883 DE
749 827 1068 882 RERUM
1136 827 1512 883 NATURA

788 1015 963 1053 LIBER
1002 1015 1301 1054 SECUNDUS

364 1277 516 1328 Suave,
546 1277 654 1318 mari
685 1292 838 1333 magno
868 1276 1145 1318 turbantibus
1176 1291 1360 1331 aequora
1390 1277 1538 1318 ventis.

362 1362 385 1388 e
416 1354 527 1389 terra
558 1362 761 1403 magnum
792 1347 969 1387 alterius
1000 1351 1192 1401 spectare
1224 1346 1434 1398 laborem3

362 1432 447 1458 non
476 1417 575 1472 quia
606 1416 749 1458 vexari
779 1421 1079 1471 quemquamst
1110 1415 1297 1456 iucunda
1328 1417 1534 1471 voluptas,

363 1486 435 1526 sed
466 1485 621 1541 quibus
650 1485 741 1540 ipse
772 1484 895 1525 malis
926 1498 1068 1525 careas
1100 1483 1201 1538 quia
1231 1498 1401 1525 cernere
1433 1499 1561 1526 suave
1593 1491 1668 1527 est.

306 1558 333 1596 6
363 1570 491 1596 suave
522 1555 651 1596 etiam
683 1554 784 1595 belli
814 1554 1048 1595 certamina
1078 1568 1233 1609 magna
1263 1553 1375 1594 tueri
1821 1564 1840 1606 5

310 1635 329 1677 5
363 1640 438 1679 per
468 1639 637 1679 campos
667 1624 878 1665 instructa
908 1629 985 1665 tua
1016 1624 1105 1664 sine
1136 1629 1257 1678 parte
1289 1624 1445 1678 pericli.

363 1693 435 1734 sed
465 1693 525 1733 nil
556 1693 721 1734 dulcius
752 1698 828 1742 est,
857 1692 966 1733 bene
997 1707 1126 1747 quam
1157 1692 1325 1733 munita
1355 1700 1501 1734 tenere

363 1761 479 1803 edita
509 1761 700 1802 doctrina
730 1762 973 1816 sapientum
1004 1761 1166 1815 templa
1196 1775 1356 1810 serena,

363 1830 577 1885 despicere
608 1829 720 1871 unde
752 1844 882 1885 queas
913 1829 1017 1870 alios
1047 1829 1290 1884 passimque
1322 1829 1465 1871 videre

364 1913 501 1940 errare
531 1904 660 1953 atque
692 1898 804 1938 viam
835 1897 1021 1952 palantis
1053 1911 1254 1952 quaerere
1285 1896 1411 1947 vitae,
1796 1909 1849 1940 10

364 1972 523 2009 certare
553 1967 736 2023 ingenio,
767 1966 1021 2007 contendere
1051 1965 1290 2015 nobilitate,

364 2042 508 2077 noctes
538 2042 669 2091 atque
700 2036 790 2077 dies
819 2035 903 2076 niti
933 2040 1179 2090 praestante
1210 2035 1352 2076 labore

364 2106 418 2147 ad
448 2121 633 2147 summas
664 2120 879 2161 emergere
910 2120 1010 2160 opes
1040 2119 1266 2160 rerumque
1297 2104 1437 2159 potiri.

365 2189 388 2215 o
418 2174 592 2215 miseras
622 2174 844 2214 hominum
875 2178 1052 2222 menteS,
1082 2187 1106 2214 o
1136 2178 1308 2228 pectora
1337 2175 1488 2214 caeca!

366 2242 562 2296 qualibus
592 2241 637 2282 in
667 2241 855 2282 tenebris
886 2241 1002 2281 vitae
1033 2241 1291 2295 quantisque
1320 2240 1491 2295 periclis
1797 2250 1844 2292 15

366 2311 536 2366 degitur
567 2311 644 2351 hoc
674 2311 768 2351 aevi
799 2310 1160 2365 quodcumquest!
1200 2324 1340 2350 nonne
1369 2309 1515 2350 videre

366 2379 427 2419 nil
456 2378 573 2420 aliud
604 2379 686 2419 sibi
715 2385 915 2419 naturam
946 2378 1112 2427 latrare,
1141 2377 1225 2418 nisi
1254 2377 1381 2432 utqui

368 2462 536 2503 corpore
567 2448 784 2488 seiunctus
815 2447 931 2488 dolor
960 2447 1086 2496 absit,
1116 2453 1262 2488 mente
1293 2447 1460 2487 fruatur

318 2556 337 2585 5
354 2553 422 2585 and
438 2554 457 2585 6
473 2553 600 2594 rightly
614 2553 817 2593 transposed
833 2554 877 2593 by
892 2552 1073 2584 Avancius.
1235 2552 1275 2582 12
1286 2557 1478 2592 praestante
1489 2553 1624 2591 plabore
1639 2551 1709 2583 AB.
1748 2562 1847 2593 prae-

253 2612 376 2639 stantes
393 2618 476 2648 prae
501 2609 609 2639 labore
632 2607 724 2638 Nicc.
748 2617 781 2647 p.
806 2616 850 2639 m.
1099 2606 1139 2638 16
1161 2617 1267 2638 nonne
1289 2607 1401 2637 videre
1425 2606 1483 2636 AB
1508 2606 1602 2637 Gott.
1625 2605 1737 2637 which
1760 2605 1843 2645 Gis„

254 2661 407 2693 followed
429 2661 547 2700 tacitly
569 2660 614 2701 by
635 2660 754 2691 Lamb.
779 2660 829 2692 ed.
856 2661 887 2700 3,
910 2660 974 2691 has
996 2661 1088 2691 most
1110 2659 1268 2699 properly
1286 2658 1449 2691 retained.
1497 2660 1605 2690 videre
1629 2664 1676 2690 est
1698 2669 1767 2690 was
1789 2659 1849 2690 the

255 2722 411 2744 common
440 2712 591 2752 reading,
618 2712 729 2743 which
757 2712 861 2744 Lach.
897 2712 1005 2743 shews
1035 2712 1135 2744 Luer.
1166 2711 1267 2742 could
1296 2713 1357 2742 not
1387 2711 1472 2742 have
1502 2710 1647 2743 written.
1708 2711 1848 2742 ‘videtis

255 2767 402 2798 Marull.’
428 2776 504 2806 says
528 2766 617 2798 Gif.:
649 2766 718 2797 and
741 2766 777 2797 in
801 2766 871 2798 cod.
899 2766 1025 2798 Victor.
1051 2766 1218 2797 Marullus
1241 2775 1275 2806 p.
1299 2775 1345 2796 m.
1369 2766 1511 2803 videtis;
1544 2774 1570 2797 S.
1589 2775 1633 2797 m.
1653 2766 1765 2796 videre
1789 2769 1848 2802 est,

256 2830 294 2852 as
317 2821 435 2852 Junt.:
465 2822 587 2852 videtis
610 2820 686 2851 Ald.
705 2821 734 2856 1,
751 2820 820 2851 and
841 2820 912 2851 this
931 2820 961 2851 is
982 2820 1181 2852 mentioned
1203 2830 1240 2851 as
1263 2830 1282 2851 a
1303 2829 1372 2852 var.
1393 2820 1454 2850 lec.
1471 2822 1507 2850 at
1528 2818 1594 2850 end
1610 2818 1647 2849 of
1667 2818 1785 2850 sunt:
1810 2827 1849 2849 so

257 2874 330 2905 also
352 2873 471 2905 Lamb.
495 2874 546 2905 ed.
574 2874 602 2912 1,
629 2874 689 2905 but
711 2874 823 2904 videre
847 2879 894 2905 est
917 2873 969 2905 ed.
994 2875 1023 2906 2.
1195 2874 1321 2906 17—19
1344 2882 1426 2905 mss.
1450 2882 1507 2904 are
1533 2871 1627 2911 quite
1652 2871 1763 2912 right:
1795 2881 1849 2903 see

258 2930 353 2959 notes
376 2929 416 2959 2:
448 2928 487 2960 17
510 2929 621 2968 utqui.
665 2932 703 2959 ut
726 2929 781 2959 cui
804 2927 929 2960 Avano.
956 2927 1060 2961 Lach.
1108 2933 1147 2960 ut
1169 2929 1248 2968 quoi
1273 2927 1342 2959 Gif.
1513 2927 1552 2958 18
1575 2931 1691 2958 mente.
1736 2927 1846 2957 menti’
