1997 3267
988 136 1025 178 V
1737 156 1817 196 203

325 245 396 287 ille
428 244 562 286 leonis
593 244 762 286 obesset
793 250 838 287 et
869 244 1044 287 horrens
1075 246 1284 288 Arcadius
1315 252 1418 290 sus?
1764 265 1786 294 2
1796 262 1816 305 5

323 314 508 369 denique
540 314 643 370 quid
677 313 832 356 Cretae
864 320 1015 355 taurus
1047 315 1323 371 Lernaeaque
1354 317 1488 373 pestis

324 382 460 438 hydra
491 382 712 424 venenatis
744 388 886 438 posset
918 381 1077 424 vallata
1109 383 1325 426 colubris?

323 451 479 507 quidve
511 451 743 507 tripectora
775 451 1006 507 tergemini
1039 451 1101 493 vis
1132 452 1349 508 Geryonai

237 602 291 644 30
321 596 443 632 tanto
474 605 599 646 opere
632 590 850 631 officerent
882 589 1005 631 nobis
1037 590 1296 647 Stymphala
1326 593 1513 635 colentes

235 671 290 711 29
321 664 365 699 et
398 657 620 699 Diomedis
651 658 751 712 equi
782 658 996 714 spirantes
1027 659 1203 701 naribus
1236 660 1381 716 ignem
1761 677 1817 719 30

320 727 496 769 Thracis
528 726 830 783 Bistoniasque
862 727 1011 784 plagas
1043 734 1174 784 atque
1207 729 1372 772 Ismara
1402 735 1608 787 propter?

321 811 534 852 aureaque
568 796 858 852 Hesperidum
891 811 1065 838 servans
1097 797 1310 854 fulgentia
1342 800 1465 850 mala,

318 881 452 922 asper,
483 866 636 908 acerba
667 874 804 914 tuens,
836 866 1015 907 immani
1048 882 1220 922 corpore
1251 883 1425 924 serpens

317 935 479 977 arboris
509 935 734 990 amplexus
765 935 945 990 stirpem
977 936 1082 991 quid
1115 936 1301 993 denique
1334 938 1504 981 obesset

318 1011 492 1061 propter
522 1005 779 1046 Atlanteum
814 1004 916 1046 litus
948 1005 1184 1061 pelageque
1216 1021 1378 1056 sonora,
1759 1022 1809 1064 35

317 1088 401 1128 quo
433 1088 571 1128 neque
604 1078 747 1115 noster
776 1073 869 1114 adit
901 1073 1127 1128 quisquam
1161 1089 1239 1116 nec
1270 1075 1476 1118 barbarus
1507 1077 1671 1120 audet?

278 1197 282 1202 Ι
316 1149 459 1185 cetera
489 1143 542 1185 de
572 1158 729 1199 genere
762 1143 840 1185 hoc
870 1158 980 1199 quae
1012 1151 1113 1185 sunt
1146 1151 1347 1200 portenta
1378 1153 1614 1203 perempta,

317 1212 378 1254 sei
408 1227 494 1254 non
526 1212 640 1254 victa
671 1212 822 1261 forent,
853 1212 958 1268 quid
991 1213 1167 1254 tandem
1201 1214 1297 1256 viva
1329 1220 1560 1257 nocerent?

315 1281 388 1331 nil,
420 1287 470 1322 ut
500 1281 671 1337 opinor:
714 1281 777 1323 ita
807 1281 862 1323 ad
893 1282 1094 1324 satiatem
1128 1289 1242 1325 terra
1274 1284 1458 1326 ferarum

314 1365 429 1392 nunc
460 1350 593 1392 etiam
625 1350 754 1392 scatit
785 1356 830 1392 et
862 1350 1030 1406 trepido
1063 1357 1223 1393 terrore
1254 1353 1421 1408 repleta
1451 1361 1517 1396 est
1755 1368 1813 1408 40

314 1435 390 1477 per
420 1434 594 1462 nemora
625 1434 674 1461 ac
706 1425 874 1461 montes
905 1435 1082 1477 magnos
1113 1421 1326 1478 silvasque
1358 1424 1613 1479 profundas3

314 1503 424 1544 quae
458 1488 547 1530 loca
580 1487 747 1530 vitandi
778 1489 1032 1544 plerumque
1064 1495 1130 1532 est
1160 1497 1307 1533 nostra
1337 1498 1539 1548 potestas.

313 1563 360 1600 at
389 1558 472 1599 nisi
502 1563 780 1614 purgatumst
811 1563 973 1613 pectus,
1006 1574 1116 1614 quae
1149 1560 1310 1615 proelia
1340 1561 1463 1604 nobis

312 1634 443 1684 atque
476 1628 665 1684 pericula
695 1634 834 1670 tumst
866 1628 1047 1685 ingratis
1078 1630 1410 1674 insinuandum!

311 1703 500 1753 quantae
532 1703 627 1739 tum
659 1697 862 1739 scindunt
894 1698 1113 1740 hominem
1147 1701 1400 1756 cuppedinis
1431 1717 1548 1745 acres
1752 1717 1806 1759 45

311 1766 542 1808 sollicitum
574 1780 700 1807 curae
732 1766 971 1822 quantique
1004 1767 1183 1823 perinde
1217 1769 1414 1812 timores!

312 1834 468 1890 quidve
499 1833 701 1890 superbia
730 1835 939 1889 spurcitia
970 1850 1017 1877 ac
1049 1836 1324 1892 petulantia?
1365 1846 1550 1895 quantas

194 1982 287 2014 Nico.
305 1982 358 2014 for
373 1984 516 2015 vocavit.
677 1983 718 2015 29
743 1981 813 2014 foll.
831 1982 918 2014 Mar.
935 1983 1012 2014 Ald.
1031 1984 1049 2014 1
1068 1984 1167 2016 Junt.
1184 1985 1254 2017 and.
1269 1986 1315 2018 all
1331 1987 1533 2028 succeeding
1549 1987 1619 2020 eds.
1638 1988 1748 2021 invert
1766 1991 1807 2022 30

195 2036 264 2068 and
281 2038 339 2075 31;
363 2036 381 2068 I
403 2039 582 2078 transpose
599 2037 641 2070 29
658 2036 727 2068 and
745 2037 805 2069 30:
830 2037 932 2076 again
949 2037 1036 2069 Mar.
1053 2038 1127 2071 Ald.
1147 2039 1164 2070 1
1182 2039 1279 2072 Junt.
1297 2040 1366 2073 and
1382 2041 1428 2073 all
1444 2041 1558 2074 before
1574 2042 1679 2075 Lach.
1699 2043 1808 2077 insert

194 2093 343 2124 between
360 2093 452 2124 nobis
469 2092 539 2124 and
555 2093 756 2135 Stymphala
772 2091 831 2124 the
847 2092 958 2125 words
973 2095 1132 2135 uncisque
1150 2097 1315 2128 timendae
1336 2098 1506 2137 Unyuibus
1528 2099 1695 2131 Arcadiae
1716 2101 1806 2132 volu-

195 2158 275 2180 cres.
320 2147 426 2180 Lach.
444 2147 574 2188 weakly
590 2146 688 2179 reads
703 2152 735 2178 et
751 2156 828 2178 aves
844 2146 897 2178 for
912 2148 1014 2180 nobis.
1064 2147 1082 2179 I
1098 2148 1184 2181 have
1200 2159 1246 2181 no
1263 2149 1369 2183 doubt
1385 2160 1405 2183 a
1421 2161 1515 2183 verse
1536 2152 1600 2184 has
1621 2153 1725 2185 fallen
1747 2156 1808 2186 out

193 2201 309 2234 before
326 2203 368 2235 29
385 2203 467 2241 (30),
487 2201 676 2242 beginning
692 2200 774 2232 with
794 2201 883 2240 Quid
896 2209 903 2231 :
929 2200 1014 2232 such
1030 2201 1083 2233 for
1099 2201 1256 2235 instance
1273 2213 1312 2236 as
1328 2203 1399 2237 this
1417 2207 1506 2246 Quid
1525 2208 1670 2239 volucres
1686 2210 1808 2249 pennis

192 2259 318 2289 aeratis
335 2259 431 2289 invia
446 2262 578 2298 stayna.
724 2257 764 2288 31
792 2257 933 2288 Thracis
950 2256 1015 2289 Ed.
1033 2257 1086 2289 for
1104 2259 1264 2291 Thracia.
1313 2260 1479 2292 Thracam
1494 2261 1601 2295 Lach.
1652 2264 1806 2296 Thracen

191 2312 267 2346 Ald.
297 2313 314 2343 1
338 2312 457 2344 Junt.:
490 2321 545 2344 see
569 2311 688 2344 Camb.
717 2311 840 2343 Journ.
865 2311 901 2342 of
923 2310 1008 2351 phil.
1032 2321 1046 2342 1
1069 2321 1102 2352 p.
1127 2313 1180 2344 44.
1314 2314 1355 2345 34
1378 2316 1514 2356 stirpem
1537 2316 1632 2348 Mon.
1657 2317 1803 2359 Nauger.

193 2367 324 2410 (scfpem
347 2367 432 2398 Mar.
457 2367 572 2409 Junt.)
597 2367 650 2399 for
673 2369 806 2408 stirpes.
957 2368 998 2399 35
1021 2369 1218 2400 Atlanteum
1241 2368 1310 2400 Gis.
1337 2369 1569 2412 (Atlantaeum
1592 2372 1712 2404 Lamb.
1737 2373 1807 2405 and

192 2422 340 2456 Turneb.
360 2422 449 2465 first)
468 2422 521 2454 for
541 2424 734 2454 Atianeum.
782 2424 949 2456 Oceanum
967 2427 1105 2464 propter
1125 2423 1220 2455 Nice.
1242 2423 1399 2457 followed
1420 2425 1464 2466 by
1479 2436 1602 2467 many:
1639 2428 1806 2460 Oceanum

192 2487 260 2510 was
276 2478 441 2519 probably
456 2477 592 2509 written
608 2477 645 2509 in
662 2477 720 2509 the
735 2478 872 2519 margin
888 2479 926 2511 of
938 2478 1092 2519 Poggio’s
1104 2488 1168 2511 ms.
1185 2481 1221 2510 to
1234 2479 1373 2520 explain
1385 2481 1589 2513 Atlanteum.
1622 2484 1805 2524 pelayeqae

191 2530 313 2562 Lamb.
336 2530 388 2561 for
406 2531 599 2571 pelaqique.
644 2540 763 2562 sonora
786 2531 879 2565 Nice.
907 2531 981 2574 (not
998 2531 1089 2563 Flor.
1112 2531 1152 2563 31
1175 2541 1214 2563 or
1235 2531 1368 2572 Camb.)
1391 2532 1484 2564 Mon.
1506 2533 1601 2566 Brix.
1621 2534 1697 2568 Ver.
1718 2535 1800 2567 Ven.

191 2585 269 2617 Ald.
287 2586 305 2616 1
322 2585 420 2617 Junt.
442 2585 590 2625 Nauger.
607 2585 713 2617 Lach.
736 2586 790 2618 for
808 2597 944 2619 severa:
968 2587 996 2619 it
1017 2596 1085 2619 was
1104 2586 1270 2628 probably
1291 2586 1328 2619 in
1348 2587 1509 2628 Poggio's
1530 2598 1615 2620 ms:
1640 2589 1740 2623 Pont.
1766 2590 1804 2622 in

190 2649 298 2681 marg.
318 2639 394 2671 ‘alii
415 2641 559 2672 severa’.
693 2642 735 2673 38
759 2643 817 2674 Sei
838 2642 944 2674 Lach.
967 2643 1007 2675 Si
1028 2643 1121 2674 Nico.
1145 2642 1200 2674 for
1219 2643 1296 2676 Sed.
1432 2643 1474 2674 44
1499 2648 1599 2675 tumst
1620 2643 1724 2677 Lach.
1752 2645 1806 2677 for

189 2699 277 2727 sunt.
320 2699 396 2726 tunc
413 2694 535 2726 Lamb.
553 2694 623 2726 Gif.
641 2694 696 2728 ed.
714 2696 744 2727 1.
784 2696 906 2729 Lamb.
923 2696 974 2730 ed.
989 2698 1008 2728 3
1024 2697 1177 2729 remarks
1191 2696 1300 2729 ‘hunc
1312 2698 1426 2730 locum
1440 2698 1740 2732 Zoflus...secutus
1752 2703 1803 2734 est

190 2749 316 2780 tacitus
340 2751 373 2780 et
397 2747 636 2787 dissimulans,
661 2751 839 2790 tamquam
862 2750 1034 2791 integrum
1058 2750 1094 2782 in
1117 2750 1194 2783 aliis
1217 2751 1316 2783 libris
1342 2754 1516 2793 repertum
1542 2754 1576 2785 et
1603 2762 1674 2785 non
1701 2763 1722 2786 a
1747 2764 1803 2787 me

186 2803 443 2835 emendatum':
470 2803 540 2835 Gif.
558 2804 642 2836 then
654 2804 707 2837 ed.
725 2806 744 2836 2
764 2805 864 2838 reads
882 2807 1040 2847 pericula
1061 2811 1120 2844 est,
1138 2805 1207 2838 and
1226 2815 1305 2847 says
1329 2806 1395 2838 ‘sic
1411 2807 1542 2848 scripsi.
1563 2807 1601 2839 in
1617 2818 1648 2840 o.
1664 2819 1696 2840 v.
1713 2815 1801 2842 sunt.

189 2857 327 2890 Mai-ull.
344 2860 378 2890 et
394 2858 486 2898 vulg.
508 2850 619 2891 tunc'i
644 2869 721 2891 now
743 2859 843 2892 when
866 2860 989 2893 Lamb.
1013 2860 1083 2893 had
1107 2871 1145 2893 so
1167 2860 1345 2903 pointedly
1368 2861 1485 2894 drawn
1509 2862 1680 2895 attention
1703 2866 1739 2896 to
1762 2863 1802 2903 it,

189 2912 258 2946 Grif.
277 2915 372 2944 must
387 2912 476 2945 have
492 2912 577 2945 been
593 2922 613 2945 a
628 2917 720 2947 most·
737 2914 920 2956 impudent
935 2915 1011 2957 liar,
1030 2915 1058 2948 if
1081 2915 1125 2948 he
1140 2916 1199 2949 did
1214 2918 1276 2949 not
1292 2916 1364 2949 find
1385 2921 1462 2949 tum
1483 2917 1521 2949 in
1541 2917 1720 2950 Marullus’
1735 2929 1801 2952 ms.
