1997 3267
958 152 999 195 V
1699 169 1780 212 249

285 260 399 302 unde
431 261 563 303 etiam
596 261 746 318 vigiles
777 276 892 303 nunc
923 261 1027 304 haec
1057 269 1235 318 accepta
1264 268 1445 306 tuentur

285 334 330 370 et
360 344 589 372 numerum
620 344 788 372 servare
819 344 966 372 recens
998 330 1198 381 didicere,
1228 346 1368 388 neque
1400 332 1489 375 hilo

286 398 489 440 maiorem
521 399 686 440 interea
716 398 895 454 capiunt
924 397 1154 441 dulcedini’
1185 399 1375 442 fructum
1669 415 1779 456 1410

285 482 413 523 quam
445 467 640 510 silvestre
671 482 808 524 genus
839 468 1036 524 capiebat
1070 469 1396 525 terrigenarum.

284 550 384 577 nam
415 535 529 592 quod
560 535 683 578 adest
714 543 895 592 praesto,
926 536 1009 578 nisi
1041 537 1144 593 quid
1176 539 1454 594 cognovimus
1485 545 1586 582 ante

285 604 469 652 suavius,
501 604 546 646 in
578 604 728 660 primis
758 605 899 660 placet
930 611 975 647 et
1006 606 1165 661 pollere
1197 607 1380 658 videtur,

284 673 575 729 posteriorque
608 674 693 715 fere
726 673 876 715 melior
906 689 973 716 res
1004 674 1077 716 illa
1108 681 1279 731 reperta

283 741 426 797 perdit
458 748 502 783 et
533 741 740 785 immutat
771 757 922 785 sensus
952 743 1004 785 ad
1037 743 1221 799 pristina
1252 759 1460 801 quaeque.
1666 756 1772 801 1415

282 809 342 851 sic
373 810 518 852 odium
551 811 692 867 coepit
722 811 903 867 glandis,
934 811 994 853 sic
1025 812 1098 853 illa
1129 813 1277 855 relicta

282 885 419 922 strata
449 880 608 922 cubilia
637 887 741 923 sunt
772 881 914 923 herbis
946 887 990 923 et
1022 882 1243 924 frondibus
1273 888 1410 925 aucta.

282 948 406 1003 pellis
436 948 542 990 item
574 949 730 991 cecidit
762 950 892 991 vestis
923 956 1173 1006 contempta
1204 950 1391 1004 ferinae3

281 1032 410 1073 quam
443 1034 536 1060 reor
567 1019 729 1061 invidia
761 1019 838 1061 tali
869 1025 974 1061 tunc
1005 1035 1096 1062 esse
1128 1026 1355 1076 repertam,

281 1092 332 1128 ut
363 1087 499 1129 letum
531 1087 697 1129 insidiis
728 1088 802 1144 qui
833 1088 966 1144 gessit
999 1089 1162 1144 primus
1193 1089 1343 1138 obiret,
1663 1102 1773 1144 1420

280 1160 325 1197 et
356 1160 503 1197 tamen
533 1155 649 1198 inter
679 1171 750 1198 eos
781 1155 1031 1198 distractam
1063 1157 1272 1213 sanguine
1307 1158 1443 1199 multo

279 1223 524 1280 disperiisse
555 1240 695 1281 neque
727 1226 772 1267 in
803 1225 991 1267 fructum
1023 1233 1271 1268 convortere
1303 1227 1455 1282 quisse.

280 1299 384 1335 tunc
414 1294 549 1350 igitur
578 1295 723 1350 pelles,
754 1309 868 1336 nunc
899 1310 1051 1337 aurum
1084 1301 1128 1337 et
1159 1310 1350 1351 purpura
1380 1296 1492 1338 curis

279 1368 480 1405 exercent
511 1363 735 1405 hominum
767 1363 901 1405 vitam
933 1363 1131 1420 belloque
1163 1364 1372 1419 fatigant3

277 1445 363 1486 quo
393 1432 530 1488 magis
560 1431 605 1473 in
636 1432 772 1482 nobis,
802 1439 852 1474 ut
883 1433 1043 1488 opinor,
1073 1433 1200 1489 culpa
1229 1433 1398 1475 resedit.
1659 1443 1762 1488 1425

276 1501 410 1557 frigus
440 1502 556 1544 enim
587 1503 724 1545 nudos
754 1503 845 1544 sine
876 1503 1061 1559 pellibus
1092 1503 1363 1545 excruciabat

277 1571 537 1628 terrigenas3
577 1579 623 1613 at
653 1587 730 1614 nos
761 1571 822 1613 nil
854 1572 987 1614 laedit
1018 1578 1137 1614 veste
1169 1587 1311 1614 carere

276 1654 493 1696 purpurea
522 1647 654 1697 atque
685 1656 788 1683 auro
819 1642 1037 1698 signisque
1068 1641 1321 1698 ingentibus
1351 1646 1465 1696 apta,

275 1709 380 1751 dum
410 1710 580 1766 plebeia
610 1716 758 1752 tamen
788 1711 846 1752 sit
877 1725 985 1766 quae
1016 1710 1244 1752 defendere
1274 1710 1419 1766 possit.

276 1792 377 1835 ergo
408 1779 632 1821 hominum
663 1794 800 1835 genus
830 1779 1045 1821 incassum
1077 1780 1321 1835 frustraque
1352 1779 1517 1821 laborat
1655 1791 1765 1834 1430

275 1862 444 1904 semper
475 1853 520 1890 et
550 1848 597 1890 in
627 1848 740 1890 curis
770 1848 984 1890 consumit
1015 1847 1217 1889 inanibus
1246 1862 1408 1898 aevom,

274 1917 480 1959 nimirum
511 1917 614 1973 quia
642 1932 728 1958 non
759 1917 959 1974 cognovit
989 1932 1099 1972 quae
1130 1917 1187 1959 sit
1218 1916 1406 1959 habendi

275 1986 372 2028 finis
403 1991 449 2029 et
479 1986 653 2028 omnino
684 1986 825 2042 quoad
856 1992 1015 2029 crescat
1046 2002 1147 2029 vera
1176 1987 1385 2042 voluptas.

274 2055 404 2112 idque
434 2056 688 2098 minutatim
721 2056 856 2098 vitam
888 2057 1084 2112 provexit
1114 2056 1160 2098 in
1190 2056 1330 2098 altum

274 2132 319 2167 et
349 2125 451 2167 belli
482 2139 661 2182 magnos
692 2125 923 2168 commovit
954 2125 1151 2167 funditus
1180 2131 1335 2167 aestus.
1655 2138 1732 2179 143
1741 2135 1760 2179 5

330 2194 393 2237 At
423 2194 574 2252 vigiles
605 2194 758 2236 mundi
788 2209 994 2251 magnum
1026 2194 1224 2236 versatile
1255 2193 1467 2250 templum

273 2263 335 2305 sol
365 2269 412 2306 et
440 2263 544 2305 luna
574 2278 650 2305 suo
682 2263 916 2306 lustrantes
948 2263 1111 2305 lumine
1141 2263 1300 2305 circum

271 2331 530 2388 perdocuere
562 2331 756 2374 homines
787 2346 996 2373 annorum
1027 2337 1222 2388 tempora
1254 2330 1366 2373 verti

156 2483 278 2518 Lamb.
292 2484 414 2525 speaks
429 2483 468 2516 in
482 2483 541 2516 the
556 2493 651 2516 same
665 2493 773 2525 vague
788 2494 864 2524 way
879 2484 916 2516 of
930 2484 1075 2517 Vatican
1091 2483 1160 2516 and
1175 2484 1274 2516 other
1289 2493 1370 2516 mss.
1522 2483 1607 2517 1409
1629 2493 1761 2517 servare

155 2549 267 2573 recens
281 2538 348 2571 Ed.
363 2539 417 2570 for
430 2548 563 2570 servare
577 2548 693 2578 yenus:
717 2548 850 2571 servare
865 2538 942 2571 first
958 2538 1124 2571 absorbed
1139 2538 1198 2570 the
1218 2548 1265 2578 re,
1285 2537 1370 2569 then
1392 2547 1465 2570 cens
1487 2537 1627 2570 became
1646 2548 1759 2578 yenus.

155 2596 244 2627 sonis
259 2592 365 2626 Lach.
411 2591 584 2632 Certainly
596 2602 698 2633 yemis
713 2592 743 2624 is
759 2592 853 2632 quite
870 2592 1090 2632 unmeaning.
1139 2593 1284 2624 numeris
1299 2592 1393 2624 Nicc.
1413 2602 1452 2623 as
1468 2592 1544 2623 well
1559 2601 1597 2624 as
1613 2592 1704 2625 Flor.
1719 2592 1761 2624 31.

156 2649 233 2682 Ver.
244 2648 329 2681 Ven.
342 2647 469 2679 Avanc.
486 2647 523 2679 in
539 2647 616 2679 Ald.
634 2648 669 2686 1;
694 2647 757 2679 but
771 2650 808 2680 at
823 2647 891 2680 end
906 2648 943 2680 of
957 2647 1013 2679 his
1028 2647 1184 2679 Catullus
1199 2646 1243 2679 he
1259 2646 1335 2679 bids
1352 2656 1395 2678 us
1412 2646 1494 2679 read
1509 2656 1689 2680 numerum.

199 2704 284 2736 1410
305 2704 468 2735 Maiorem
489 2702 581 2734 Flor.
605 2704 646 2734 31
671 2702 788 2735 camb.
812 2703 865 2735 for
887 2705 1029 2735 Maiore.
1075 2703 1256 2734 dulcedini’
1288 2702 1411 2734 Lamb.
1443 2701 1574 2742 rightly
1605 2701 1658 2733 for
1688 2702 1761 2733 dul-

155 2760 282 2792 cedine.
427 2756 511 2788 1418
527 2757 662 2796 ferinae
686 2757 783 2789 Junt.
810 2757 884 2800 (not
906 2758 1008 2790 Pont.
1033 2767 1072 2789 or
1094 2757 1194 2799 Mar.)
1219 2756 1272 2787 for
1290 2757 1419 2797 ferina.
1465 2757 1566 2787 vestis
1590 2761 1756 2788 contemta

148 2815 298 2856 ferinast
319 2811 439 2844 Lamb.
463 2810 514 2844 ed.
543 2813 563 2843 2
587 2811 655 2843 and
678 2813 708 2844 3.
875 2813 959 2846 1419
983 2817 1059 2844 tunc
1082 2812 1175 2844 Brix.
1199 2812 1300 2845 Pont.
1327 2811 1414 2844 Mar.
1437 2810 1515 2843 Ald.
1541 2811 1558 2842 1
1583 2811 1680 2844 Junt.
1706 2812 1760 2843 for

154 2878 253 2902 nunc.
407 2865 490 2897 1431
509 2867 548 2898 in
569 2865 679 2898 added
694 2866 738 2907 by
753 2866 844 2898 Flor.
862 2867 903 2899 31
920 2867 1037 2899 Camb.
1059 2867 1152 2898 Mon.
1170 2866 1272 2899 Pont.
1288 2866 1367 2898 Ald.
1386 2867 1404 2897 1
1420 2866 1518 2898 Junt.
1675 2865 1760 2897 1436

153 2932 307 2964 magnum
327 2922 495 2955 versatile.
544 2931 698 2962 maynum
714 2932 753 2954 ac
768 2924 925 2955 versatile
940 2922 1006 2954 Ed.
1023 2922 1061 2954 in
1077 2922 1178 2954 small
1193 2922 1267 2963 ed.;
1291 2921 1360 2954 and
1384 2932 1423 2954 ac
1446 2931 1526 2962 may
1545 2921 1633 2954 have
1654 2920 1759 2954 fallen
