1997 3267
826 185 897 226 III
1595 197 1666 238 145

189 306 241 333 ex
272 291 345 332 illa
375 306 483 347 quae
514 297 609 333 tum
639 291 768 347 periit
798 292 960 347 partita
990 306 1066 347 per
1095 298 1224 334 artus.
1586 303 1670 346 710

189 364 446 415 quapropter
477 374 614 415 neque
643 359 778 400 natali
808 358 977 414 privata
1006 360 1181 400 videtur

189 441 278 469 esse
309 428 377 468 die
408 433 563 469 natura
592 428 759 468 animae
790 442 868 468 nec
899 428 1061 469 funeris
1092 443 1250 483 expers.

247 497 422 538 Semina
451 504 670 552 praeterea
700 496 951 552 linquontur
981 512 1114 538 necne
1146 496 1306 538 animai

188 579 358 621 corpore
389 566 435 606 in
465 567 691 607 exanimo?
751 565 864 620 quod
894 566 930 606 si
961 566 1181 607 lincuntur
1213 571 1257 607 et
1289 566 1447 615 insunt,

189 633 295 674 haut
326 635 408 676 erit
439 640 488 675 ut
520 634 671 675 merito
702 634 941 675 inmortalis
973 634 1104 689 possit
1136 634 1295 684 haberi,
1584 645 1664 688 715

187 704 382 758 partibus
412 703 576 744 amissis
607 704 806 758 quoniam
838 703 971 744 libata
1002 703 1188 745 recessit.

189 771 254 812 sin
286 772 348 812 ita
378 771 550 812 sinceris
581 770 784 812 membris
815 771 961 812 ablata
990 771 1180 826 profugit

187 844 238 880 ut
268 839 407 880 nullas
438 838 571 894 partis
602 838 646 879 in
677 853 848 893 corpore
882 838 1056 893 liquerit
1087 853 1138 879 ex
1171 853 1227 888 se,

189 907 302 948 unde
334 907 537 948 cadavera
568 906 762 947 rancenti
794 906 877 947 iam
912 907 1070 948 viscere
1102 921 1268 948 vermes

189 976 385 1031 expirant
415 981 545 1031 atque
577 976 690 1017 unde
721 975 990 1017 animantum
1022 976 1143 1030 copia
1174 981 1296 1017 tanta
1586 986 1670 1029 720

188 1059 287 1087 exos
317 1050 361 1086 et
393 1045 597 1100 exanguis
628 1045 815 1086 tumidos
846 1045 1104 1100 perfluctuat
1135 1037 1287 1087 artus?

190 1113 300 1168 quod
333 1113 369 1153 si
401 1113 507 1153 forte
537 1112 701 1153 animas
732 1112 994 1153 extrinsecus
1024 1112 1231 1153 insinuari

188 1181 404 1223 vermibus
435 1187 479 1222 et
510 1181 651 1236 privas
683 1181 727 1221 in
758 1196 929 1236 corpora
960 1196 1082 1236 posse
1115 1181 1258 1222 venire

189 1249 324 1290 credis
353 1264 431 1290 nec
462 1254 635 1304 reputas
666 1263 739 1290 cur
769 1249 889 1289 milia
920 1249 1058 1290 multa
1088 1249 1328 1289 animarum

189 1318 442 1360 conveniant
472 1318 586 1359 unde
618 1333 704 1358 una
732 1318 962 1366 recesserit,
995 1318 1073 1358 hoc
1105 1323 1250 1358 tamen
1282 1323 1347 1358 est
1378 1322 1428 1359 ut
1586 1327 1664 1369 725

189 1386 479 1442 quaerendum
510 1386 706 1427 videatur
737 1391 780 1427 et
811 1385 855 1426 in
887 1385 1113 1426 discrimen
1145 1385 1371 1441 agendum,

189 1459 336 1496 utrum
367 1455 540 1496 tandem
572 1455 739 1495 animae
771 1459 983 1495 venentur
1013 1454 1175 1494 semina
1207 1468 1399 1509 quaeque

189 1523 516 1564 vermiculorum
546 1523 748 1579 ipsaeque
779 1523 860 1564 sibi
892 1523 1154 1564 fabricentur
1185 1523 1260 1564 ubi
1290 1523 1388 1571 sint,

190 1607 246 1633 an
276 1592 396 1648 quasi
426 1593 669 1648 corporibus
699 1593 897 1648 perfectis
927 1592 1210 1634 insinuentur.

190 1668 236 1704 at
267 1677 405 1718 neque
436 1677 510 1703 cur
541 1662 699 1703 faciant
731 1662 848 1717 ipsae
880 1677 1064 1717 quareve
1096 1662 1290 1703 laborent
1585 1673 1609 1714 7
1615 1673 1668 1713 30

191 1731 329 1772 dicere
359 1730 617 1786 suppeditat.
649 1746 788 1786 neque
818 1732 945 1780 enim,
975 1731 1066 1772 sine
1097 1746 1266 1786 corpore
1299 1745 1395 1772 cum
1426 1736 1537 1779 sunt,

192 1799 397 1841 sollicitae
428 1800 609 1841 volitant
640 1799 798 1840 morbis
828 1800 1014 1855 alguque
1045 1800 1267 1854 fameque3

192 1882 343 1923 corpus
373 1867 487 1909 enim
518 1867 653 1923 magis
684 1868 750 1908 his
780 1867 897 1908 vitiis
927 1867 1067 1908 adfine
1099 1868 1262 1909 laborat

192 1941 237 1978 et
267 1936 379 1977 mala
410 1937 547 1977 multa
576 1937 744 1977 animus
775 1942 954 1992 contage
985 1937 1181 1992 fungitur
1211 1937 1312 1979 eius.

192 2004 267 2045 sed
296 2009 443 2045 tamen
474 2004 540 2044 his
570 2009 660 2045 esto
690 2004 886 2058 quamvis
917 2004 1052 2045 facere
1083 2004 1189 2045 utile
1221 2019 1382 2060 corpus,
1586 2015 1609 2058 7
1616 2017 1636 2057 3
1646 2016 1664 2056 5

196 2087 294 2114 cum
324 2072 530 2124 subeant3
568 2078 614 2113 at
644 2087 728 2126 qua
758 2073 922 2128 possint
953 2073 1022 2114 via
1052 2073 1171 2114 nulla
1203 2073 1381 2115 videtur.

193 2141 300 2181 haut
330 2140 464 2196 igitur
494 2139 657 2181 faciunt
688 2140 855 2181 animae
887 2140 968 2181 sibi
1000 2155 1171 2196 corpora
1203 2146 1247 2182 et
1279 2147 1407 2183 artus.

192 2224 271 2250 nec
301 2214 446 2250 tamen
477 2214 540 2250 est
571 2208 697 2264 utqui
726 2209 924 2263 perfectis
954 2209 1227 2250 insinuentur

156 2316 162 2327 Α,
193 2277 460 2333 corporibus3
498 2291 637 2332 neque
667 2277 782 2318 enim
813 2282 1017 2332 poterunt
1047 2278 1267 2333 suptiliter
1297 2293 1386 2319 esse

324 2426 387 2459 710
410 2431 476 2457 tum
498 2425 591 2458 Brix.
618 2425 695 2456 Ver.
719 2425 802 2458 Ven.
828 2425 956 2466 rightly
979 2425 1031 2456 for
1054 2429 1142 2456 tunc.
1197 2428 1315 2466 periit.
1335 2426 1464 2465 peritat
1487 2424 1579 2456 Nico.
1604 2425 1672 2456 and

79 2483 166 2514 later
181 2491 261 2512 mss.
280 2480 348 2512 and
363 2480 432 2512 eds.
450 2480 560 2512 before
575 2479 676 2511 Pont.
693 2479 790 2511 Junt.
901 2481 963 2512 718
984 2481 1025 2511 Ut
1042 2479 1116 2512 Ver.
1137 2479 1220 2512 Ven.
1242 2479 1292 2510 for
1309 2481 1366 2510 Et.
1478 2481 1540 2512 723
1552 2481 1670 2519 prii-as

79 2539 117 2568 in
145 2537 173 2567 B
205 2546 290 2567 corr.
321 2536 373 2567 for
397 2537 500 2576 priva
530 2536 568 2566 si.
765 2535 827 2568 732
858 2536 1000 2575 alguque
1030 2534 1150 2566 Lamb.
1182 2534 1250 2566 and
1279 2544 1361 2565 mss.
1393 2534 1430 2565 of
1457 2533 1590 2565 Nonius
1621 2534 1672 2564 for

80 2592 229 2631 alyoque.
397 2591 458 2623 733
482 2591 590 2630 adfine
614 2591 644 2622 A
665 2600 698 2631 p.
715 2600 763 2621 m.
789 2590 827 2631 (ἲ)
853 2592 954 2631 atfine
977 2589 1016 2620 Β.
1063 2594 1094 2621 et
1107 2590 1179 2630 fine
1202 2589 1231 2620 A
1253 2599 1337 2620 corr.
1362 2588 1473 2620 Nice:
1506 2588 1573 2619 Gis.
1598 2588 1672 2619 first

80 2641 232 2673 restored
251 2643 359 2683 adfine
382 2643 417 2673 to
440 2644 527 2674 text:
551 2642 610 2675 the
630 2645 711 2674 note
731 2642 768 2673 in
789 2641 840 2673 ed.
857 2643 876 2673 3
898 2642 935 2673 of
955 2642 1075 2673 Lamb.
1097 2641 1126 2673 is
1148 2641 1315 2681 amusing.
1361 2641 1458 2672 Wak.
1481 2642 1616 2672 returns
1636 2642 1671 2670 to

79 2703 112 2729 et
124 2698 207 2738 fine.
339 2697 402 2730 734
424 2702 570 2736 contaye.
620 2699 812 2737 contayibus
834 2696 943 2730 Laoh.
1078 2696 1140 2729 736
1167 2698 1247 2728 Cam
1268 2698 1415 2728 subeant.
1467 2696 1560 2734 Quod
1581 2696 1671 2726 sube-

80 2756 140 2783 ant
162 2761 182 2782 a
205 2750 315 2782 friend
338 2751 372 2782 of
394 2750 543 2788 Faber’s,
567 2751 651 2783 both
673 2751 782 2782 Faber
805 2750 873 2782 and
896 2750 1009 2783 Bentl.
1037 2750 1236 2791 approving.
1308 2751 1372 2782 Cui
1394 2760 1420 2780 s.
1444 2749 1546 2780 Bern.
1606 2759 1671 2788 qua

80 2804 165 2835 Mar.
183 2803 259 2834 Ald.
278 2804 295 2833 1
312 2803 408 2835 Junt.
429 2804 481 2834 for
495 2814 565 2845 que.
719 2805 780 2837 738
795 2806 894 2844 utqui
909 2804 976 2835 Ed.
992 2803 1044 2835 for
1059 2809 1096 2835 ut
1112 2805 1265 2844 quicum:
1290 2813 1344 2834 see
1361 2805 1457 2834 notes
1474 2804 1492 2833 2
1509 2806 1543 2834 to
1560 2813 1572 2832 1
1589 2803 1670 2835 755:

81 2868 151 2889 cum
177 2868 245 2889 was
270 2857 404 2888 written
431 2867 510 2889 over
537 2859 594 2898 qui
621 2857 666 2898 by
693 2867 785 2889 some
815 2867 880 2889 one
905 2857 981 2889 who
1012 2856 1071 2889 did
1096 2860 1157 2889 not
1183 2857 1395 2888 understand
1426 2858 1484 2897 qui
1497 2866 1503 2887 :
1536 2857 1671 2896 quidum

80 2912 182 2942 Bern.
206 2911 276 2943 and
298 2911 362 2945 Ed.
389 2911 425 2942 in
448 2911 499 2944 ed.
528 2912 558 2943 1.
602 2911 708 2943 Lach.
732 2911 853 2952 adopts
876 2911 964 2943 from
987 2911 1107 2943 Lamb.
1131 2916 1170 2943 ut
1191 2913 1269 2950 iam,
1293 2911 1405 2943 which
1427 2911 1469 2942 he
1493 2911 1607 2942 allows
1635 2912 1673 2942 ‘a

195 2989 238 3018 M.
1505 2979 1558 3019 10
