1997 3267
943 173 1015 215 ΙΙΙ
1720 193 1796 231 149

310 279 419 321 adde
450 279 563 335 quod
593 279 638 321 in
669 280 812 336 nigras
842 280 1027 336 lethargi
1058 280 1268 335 mergitur
1298 281 1442 323 undas.

371 349 446 390 Nil
479 349 613 405 igitur
643 363 754 390 mors
785 354 851 390 est
881 348 935 389 ad
965 363 1041 390 nos
1072 364 1211 404 neque
1242 349 1432 404 pertinet
1464 351 1612 401 hilum,
1712 356 1796 406 830

310 417 655 473 quandoquidem
686 423 841 459 natura
870 417 1004 458 animi
1034 419 1225 460 mortalis
1257 420 1450 469 habetur,

311 491 355 527 et
386 486 504 527 velut
534 491 732 527 anteacto
762 486 822 526 nil
853 491 1045 541 tempore
1077 487 1287 529 sensimus
1318 489 1449 544 aegri,

311 554 366 596 ad
397 555 710 611 confligendum
743 555 1015 596 venientibus
1046 556 1235 611 undique
1268 557 1431 608 Poenis,

311 622 455 664 omnia
486 637 582 664 cum
613 622 716 664 belli
747 621 914 678 trepido
946 636 1147 663 concussa
1178 624 1372 665 tumultu

311 691 481 733 horrida
511 696 804 733 contremuere
836 691 915 732 sub
946 691 1046 732 altis
1077 691 1264 733 aetheris
1295 693 1389 743 oris,
1712 696 1735 737 8
1742 707 1763 747 3
1772 704 1790 747 5

310 760 355 801 in
386 760 601 815 dubioque
633 760 750 800 fuere
782 764 976 800 utrorum
1007 759 1061 801 ad
1093 775 1223 814 regna
1254 760 1494 802 cadendum

310 829 508 871 omnibus
538 828 736 871 humanis
767 834 878 870 esset
909 834 1107 884 terraque
1139 829 1342 883 marique,

310 898 381 948 sic,
412 898 489 939 ubi
518 913 603 939 non
635 898 803 946 erimus,
834 912 931 938 cum
963 897 1146 952 corporis
1178 902 1308 952 atque
1340 898 1500 940 animai

309 967 533 1009 discidium
566 966 695 1008 fuerit
726 966 881 1021 quibus
913 981 935 1007 e
967 981 1113 1007 sumus
1144 966 1288 1007 uniter
1317 966 1419 1022 apti,

309 1034 471 1076 scilicet
501 1034 616 1076 haud
647 1034 768 1075 nobis
798 1033 1038 1088 quicquam,
1070 1032 1144 1088 qui
1175 1048 1259 1074 non
1290 1034 1448 1076 erimus
1479 1041 1584 1084 tum,
1709 1037 1793 1086 840

308 1103 498 1144 accidere
529 1102 700 1143 omnino
731 1102 889 1157 poterit
920 1116 1178 1157 sensumque
1209 1117 1390 1153 movere,

309 1187 394 1213 non
425 1172 460 1213 si
491 1178 604 1213 terra
634 1171 742 1213 mari
772 1171 1022 1212 miscebitur
1053 1176 1097 1212 et
1127 1185 1243 1212 mare
1275 1172 1400 1214 caelo,

309 1246 353 1281 et
385 1240 420 1282 si
450 1241 535 1281 iam
566 1245 710 1281 nostro
740 1239 872 1281 sentit
903 1238 956 1280 de
987 1254 1158 1294 corpore
1189 1245 1417 1295 postquam

307 1308 553 1350 distractast
583 1307 716 1348 animi
746 1312 902 1348 natura
931 1307 1184 1363 animaeque
1215 1313 1416 1363 potestas,

306 1378 368 1419 nil
399 1384 544 1419 tamen
575 1383 639 1419 est
670 1377 724 1418 ad
755 1392 830 1418 nos
862 1377 936 1432 qui
967 1383 1140 1433 comptu
1172 1378 1455 1434 coniugioque
1708 1383 1785 1433 845

307 1447 490 1502 corporis
520 1452 650 1502 atque
681 1447 850 1488 animae
881 1447 1152 1488 consistimus
1183 1447 1328 1489 uniter
1357 1448 1459 1503 apti.

306 1531 396 1565 nec,
425 1515 462 1557 si
491 1515 715 1557 materiem
746 1520 934 1557 nostram
965 1515 1182 1571 collegerit
1213 1521 1330 1557 aetas

307 1590 402 1640 post
433 1584 600 1625 obitum
629 1599 883 1640 rursumque
914 1584 1127 1640 redegerit
1158 1591 1208 1626 ut
1238 1585 1322 1626 sita
1352 1601 1465 1627 nunc
1496 1592 1560 1628 est

308 1659 438 1708 atque
468 1653 627 1694 iterum
658 1652 780 1693 nobis
811 1652 971 1694 fuerint
1002 1653 1104 1694 data
1134 1653 1300 1694 lumina
1331 1653 1457 1704 vitae,

308 1721 522 1776 pertineat
553 1720 781 1776 quicquam
813 1726 959 1762 tamen
989 1721 1043 1762 ad
1074 1736 1149 1762 nos
1179 1721 1224 1762 id
1255 1736 1423 1776 quoque
1454 1722 1626 1771 factum,
1707 1725 1790 1776 850

307 1790 551 1845 interrupta
581 1789 712 1830 semel
743 1804 841 1830 cum
872 1789 929 1830 sit
959 1789 1200 1845 repetentia
1231 1790 1376 1831 nostri.

308 1864 353 1901 et
382 1873 496 1899 nunc
526 1858 588 1899 nil
618 1857 672 1899 ad
702 1872 778 1898 nos
809 1857 862 1898 de
892 1858 1016 1899 nobis
1046 1858 1217 1908 attinet,
1248 1864 1349 1900 ante

308 1927 382 1982 qui
412 1927 582 1976 fuimus,
612 1941 740 1982 neque
770 1926 856 1967 iam
888 1926 940 1967 de
972 1927 1056 1968 illis
1086 1942 1162 1968 nos
1192 1927 1338 1969 adficit
1368 1942 1510 1984 angor.

307 2011 407 2037 nam
438 2011 535 2037 cum
565 1995 766 2051 respicias
796 1995 980 2036 inmensi
1011 1996 1215 2051 temporis
1246 2011 1370 2037 omne

306 2064 589 2121 praeteritum
619 2064 821 2119 spatium,
851 2070 945 2106 tum
977 2071 1120 2106 motus
1150 2065 1347 2106 materiai
1706 2070 1785 2120 855

306 2133 572 2175 multimodis
602 2148 731 2188 quam
762 2133 861 2182 sint,
892 2133 1013 2175 facile
1046 2134 1123 2175 hoc
1153 2133 1380 2175 adcredere
1409 2135 1554 2190 possis,

308 2203 471 2244 semina
500 2217 625 2257 saepe
656 2202 701 2243 in
733 2202 893 2252 eodem,
925 2207 975 2243 ut
1006 2217 1119 2243 nunc
1151 2208 1263 2252 sunt,
1295 2203 1440 2245 ordine
1472 2209 1595 2259 posta
1650 2232 1652 2234 -

193 2272 273 2323 865
307 2270 411 2312 haec
441 2270 601 2320 eadem,
632 2270 788 2325 quibus
819 2285 841 2311 e
872 2285 986 2311 nunc
1017 2285 1092 2311 nos
1123 2285 1282 2321 sumus,
1315 2276 1416 2313 ante
1447 2272 1586 2314 fuisse.

194 2341 276 2392 858
307 2354 384 2380 nec
414 2339 593 2380 memori
622 2345 769 2380 tamen
799 2339 844 2380 id
874 2338 1046 2394 quimus
1076 2340 1412 2394 repraehendere
1445 2347 1614 2393 mente;

306 2407 421 2449 inter
450 2407 565 2449 enim
595 2407 749 2449 iectast
780 2407 887 2449 vitai
918 2423 1051 2463 pausa
1084 2423 1277 2464 vageque
1706 2412 1790 2453 860

235 2544 298 2576 829
324 2543 449 2583 niqras.
499 2542 541 2573 ‘f.
567 2543 701 2582 piyras‘
729 2542 849 2574 Heius.
881 2541 918 2573 in
944 2552 1007 2575 ms.
1040 2543 1160 2575 notes:
1191 2542 1373 2575 Markland
1399 2544 1567 2585 proposed
1593 2545 1652 2577 the
1682 2555 1785 2586 same,

192 2596 254 2628 but
277 2597 419 2628 without
441 2606 553 2628 cause.
715 2597 777 2628 835
801 2598 945 2628 aetheris
969 2599 1034 2628 oris
1061 2596 1130 2628 Gif.
1155 2596 1208 2628 for
1230 2599 1373 2630 aetheris
1396 2601 1509 2637 auris;
1534 2599 1603 2631 and
1627 2609 1663 2631 so
1686 2600 1786 2632 Lucr.

193 2653 318 2693 always
333 2652 445 2683 writes
461 2650 648 2684 elsewhere.
790 2651 853 2683 844
867 2653 1071 2683 Distractast
1087 2651 1179 2684 Nice.
1201 2652 1254 2683 for
1268 2654 1471 2684 Distractczs.
1611 2654 1674 2687 847
1690 2660 1788 2686 mate-

191 2707 274 2737 riem
288 2705 328 2743 B,
345 2707 518 2737 materiam
532 2705 561 2736 A
577 2704 670 2736 Nice.
811 2705 873 2736 851
889 2706 1071 2745 repetentia
1087 2705 1116 2735 B
1132 2705 1271 2746 rightly.
1316 2708 1468 2747 repentia
1483 2707 1512 2738 A
1527 2707 1620 2738 Nico.
1637 2707 1726 2741 Flor.
1748 2709 1787 2739 31

193 2760 308 2793 Camb.
356 2761 536 2792 retinentia
565 2760 692 2791 Avanc.
724 2759 828 2793 Lach.
881 2762 986 2792 nostri
1016 2760 1098 2791 Pius
1128 2760 1165 2792 in
1195 2763 1304 2800 notes,
1337 2762 1405 2794 Gis.
1437 2762 1543 2794 Lach.
1574 2763 1627 2794 for
1657 2765 1787 2796 nostris.

192 2815 284 2845 nobis
300 2813 400 2845 Pont.
417 2814 542 2845 Avanc.
587 2819 701 2845 nostra
722 2813 806 2845 Mar.
824 2814 920 2845 Junt.
937 2813 1027 2854 vulg.
1203 2816 1265 2846 853
1280 2826 1383 2856 neque
1399 2816 1507 2848 added
1523 2816 1566 2857 by
1581 2816 1686 2849 Lach.
1731 2829 1788 2850 nec

193 2865 279 2896 Mar.
296 2865 371 2895 Ald.
390 2865 406 2895 l
424 2865 518 2897 Junt.
540 2865 630 2905 vulg.
677 2866 794 2906 adficit
810 2865 898 2898 Flor.
920 2866 961 2897 31
983 2867 1077 2900 Mon.
1096 2866 1197 2900 Pont.
1215 2867 1267 2899 for
1287 2869 1417 2908 adfigit.
1593 2869 1655 2900 856
1678 2871 1787 2901 multi-

191 2919 295 2950 modis
317 2918 421 2952 Lach.
448 2918 530 2950 with
553 2918 769 2951 Wakefield’s
791 2921 820 2952 Δ
842 2919 894 2952 for
916 2921 1115 2952 multimodi.
1275 2922 1339 2954 858
1365 2922 1452 2965 (865)
1477 2922 1687 2955 transferred
1709 2923 1788 2957 here
