1997 3267
235 191 312 230 166
1004 189 1067 229 IV

341 295 387 335 in
416 310 499 350 quo
529 295 615 336 iam
645 310 800 351 genere
832 301 897 336 est
928 295 1027 336 solis
1058 295 1132 336 lux
1162 300 1206 336 et
1239 310 1369 350 vapor
1399 295 1492 338 eius
1744 299 1818 349 185

342 371 567 419 propterea
597 364 697 419 quia
727 370 829 405 sunt
861 378 883 404 e
915 363 1063 419 primis
1093 364 1206 404 facta
1237 364 1414 404 minutis

341 447 450 487 quae
480 432 601 487 quasi
631 433 848 474 cuduntur
877 447 1036 488 perque
1066 433 1174 474 aeris
1205 433 1477 474 intervallum

341 516 426 543 non
456 501 660 542 dubitant
690 501 870 542 transire
902 501 1098 555 sequenti
1130 501 1295 542 concita
1325 501 1461 556 plaga.

342 570 644 625 suppeditatur
674 569 789 610 enim
820 569 1044 610 confestim
1076 569 1236 610 lumine
1268 570 1414 610 lumen

341 645 387 681 et
418 639 538 694 quasi
571 638 732 693 protelo
764 637 1013 678 stimulatur
1043 638 1203 693 fulgere
1235 638 1388 694 fulgur.
1743 650 1823 693 190

342 714 601 763 quapropter
630 706 856 747 simulacra
886 706 979 761 pari
1009 706 1174 747 ratione
1203 721 1373 748 necesse
1405 712 1471 748 est

343 776 661 817 inmemorabile
692 790 768 831 per
798 775 987 831 spatium
1018 781 1305 816 transcurrere
1334 790 1456 830 posse

343 844 546 899 temporis
576 844 621 885 in
651 849 823 898 puncto,
853 843 1039 898 primum
1072 843 1184 898 quod
1213 843 1386 898 parvola
1416 858 1543 885 causa

341 918 407 954 est
438 912 582 966 procul
612 926 638 952 a
668 916 789 967 tergo
820 926 928 966 quae
959 911 1165 966 provehat
1196 916 1326 965 atque
1358 911 1577 965 propellat,

342 982 454 1037 quod
484 987 690 1035 superest,
720 981 796 1021 ubi
827 986 917 1021 tam
947 980 1107 1021 volucri
1139 980 1315 1021 levitate
1347 980 1561 1031 ferantur3
1742 990 1817 1035 195

342 1051 496 1092 deinde
527 1050 640 1106 quod
671 1065 805 1105 usque
837 1051 942 1091 adeo
973 1056 1146 1091 textura
1177 1049 1371 1104 praedita
1401 1064 1495 1090 rara

342 1120 588 1168 mittuntur,
621 1119 742 1160 facile
774 1124 824 1160 ut
854 1119 1027 1174 quasvis
1058 1125 1281 1173 penetrare
1312 1124 1473 1173 queant
1503 1133 1570 1160 res

342 1196 386 1230 et
417 1189 536 1244 quasi
567 1203 816 1244 permanare
847 1203 923 1244 per
953 1188 1062 1229 aeris
1092 1188 1378 1229 intervallum.

342 1264 563 1313 praeterea
593 1258 640 1307 si,
672 1272 780 1313 quae
811 1257 984 1312 penitus
1015 1257 1263 1312 corpuscula
1292 1271 1434 1298 rerum

343 1341 394 1368 ex
425 1326 597 1381 altoque
629 1326 738 1366 foras
769 1326 1016 1375 mittuntur,
1047 1325 1144 1366 solis
1175 1325 1242 1366 uti
1272 1324 1345 1365 lux
1739 1337 1824 1369 200

341 1409 390 1435 ac
422 1408 562 1449 vapor,
594 1393 698 1434 haec
728 1399 888 1448 puncto
919 1398 1152 1434 cernuntur
1182 1393 1300 1448 lapsa
1329 1392 1416 1434 diei

342 1477 418 1517 per
448 1467 589 1503 totum
621 1461 727 1503 caeli
757 1462 946 1517 spatium
978 1461 1215 1502 diffundere
1246 1475 1335 1502 sese

342 1547 502 1588 perque
533 1532 672 1573 volare
704 1547 819 1573 mare
850 1546 899 1573 ac
929 1538 1063 1573 terras
1094 1531 1342 1586 caelumque
1372 1531 1521 1587 rigare,

343 1600 446 1655 quid
478 1615 585 1654 quae
617 1606 718 1641 sunt
749 1599 883 1655 igitur
913 1599 999 1640 iam
1029 1599 1167 1654 prima
1198 1599 1335 1639 fronte
1366 1604 1527 1654 parata,

343 1682 438 1709 cum
471 1668 687 1709 iaciuntur
717 1673 762 1709 et
793 1668 995 1709 emissum
1026 1682 1092 1708 res
1122 1667 1240 1708 nulla
1270 1670 1490 1708 moratur?
1737 1679 1818 1722 205

343 1752 481 1793 quone
513 1737 630 1778 vides
661 1736 789 1778 citius
820 1736 974 1777 debere
1006 1742 1049 1777 et
1081 1735 1247 1791 longius
1278 1735 1339 1777 ire

343 1806 655 1861 multiplexque
686 1806 766 1847 loci
797 1805 985 1861 spatium
1017 1811 1301 1846 transcurrere
1332 1805 1479 1846 eodem

343 1881 534 1931 tempore
567 1890 650 1930 quo
681 1875 780 1916 solis
810 1874 1064 1930 pervolgant
1095 1873 1258 1914 lumina
1288 1873 1485 1914 caelum?

344 1944 422 1986 hoc
452 1945 582 1986 etiam
614 1944 660 1985 in
690 1944 838 1999 primis
873 1943 1087 1998 specimen
1118 1958 1266 1983 verum
1297 1957 1386 1984 esse
1419 1943 1588 1985 videtur

344 2029 471 2069 quam
503 2014 628 2055 celeri
659 2020 779 2054 motu
810 2028 953 2054 rerum
984 2012 1211 2053 simulacra
1241 2012 1440 2061 ferantur,
1738 2024 1824 2055 210

344 2083 457 2138 quod
487 2083 615 2124 simul
646 2098 695 2123 ac
725 2082 911 2137 primum
943 2081 1022 2122 sub
1053 2081 1127 2121 diu
1159 2079 1356 2135 splendor
1385 2081 1512 2135 aquai

345 2151 528 2206 ponitur,
559 2151 775 2206 extemplo
806 2151 920 2191 caelo
952 2150 1151 2190 stellante
1182 2163 1329 2190 serena

344 2220 482 2261 sidera
511 2220 769 2274 respondent
799 2219 845 2259 in
875 2233 986 2273 aqua
1015 2216 1227 2258 radiantia
1257 2215 1418 2257 mundi.

344 2288 485 2329 iamne
517 2288 636 2328 vides
667 2287 802 2343 igitur
832 2301 960 2342 quam
990 2292 1150 2341 puncto
1181 2290 1371 2339 tempore
1403 2284 1543 2339 imago

343 2355 527 2397 aetheris
558 2371 609 2396 ex
640 2356 723 2396 oris
753 2355 799 2396 in
829 2361 1039 2396 terrarum
1070 2353 1235 2394 accidat
1266 2355 1387 2393 oras?
1736 2362 1816 2404 215

344 2438 473 2479 quare
504 2423 634 2464 etiam
666 2429 795 2478 atque
827 2423 959 2464 etiam
990 2422 1097 2462 mira
1128 2422 1286 2462 fateare
1316 2427 1528 2462 necessest
1824 2417 1829 2421 ⁴

229 2582 316 2613 cited
332 2581 367 2612 in
384 2584 481 2612 notes
496 2582 525 2613 2.
702 2581 763 2613 190
778 2582 909 2620 fulqere
927 2580 984 2611 AB
1001 2579 1095 2611 Nicc.
1112 2579 1201 2610 Flor.
1220 2580 1259 2610 31
1282 2579 1399 2610 Camb.
1417 2578 1510 2610 Mon.
1528 2580 1547 2610 3
1563 2579 1639 2611 Vat.
1682 2579 1820 2619 fulgure

229 2637 248 2666 2
264 2636 339 2667 Vat.
353 2635 448 2666 Brix.
461 2635 545 2665 Ven.
561 2635 645 2667 Mar.
660 2634 728 2666 eds.
740 2634 853 2665 before
866 2634 970 2664 Lach.
1104 2633 1166 2665 195
1182 2632 1285 2664 Lach.
1303 2633 1415 2672 places
1431 2632 1519 2663 after
1535 2633 1614 2663 205:
1638 2633 1656 2663 1
1670 2633 1821 2673 wrongly

228 2690 382 2722 followed
397 2690 470 2720 him
486 2689 655 2728 formerly.
821 2690 882 2721 199
901 2689 963 2719 203
980 2688 1016 2719 in
1031 2698 1090 2728 my
1106 2688 1206 2719 small
1223 2688 1275 2718 ed.
1293 2687 1309 2718 I
1326 2687 1467 2718 allowed
1482 2687 1527 2727 by
1542 2686 1696 2718 accident
1710 2687 1818 2718 Lach-

229 2744 364 2775 mann's
378 2743 606 2784 punctuation
622 2745 658 2774 to
675 2742 797 2774 stand:
821 2742 858 2773 of
876 2752 994 2773 course
1011 2741 1106 2773 there
1123 2741 1246 2772 should
1263 2741 1303 2772 be
1318 2751 1337 2772 a
1354 2751 1489 2772 comma
1505 2740 1590 2771 after
1604 2742 1634 2772 si
1651 2740 1718 2772 and
1734 2740 1822 2773 after

231 2799 302 2833 203,
320 2797 378 2828 the
395 2797 552 2837 apodosis
567 2796 756 2835 beginning
772 2799 808 2827 at
827 2797 916 2834 Quid
933 2806 1028 2836 quae.
1161 2796 1223 2826 203
1240 2796 1377 2826 caelum.
1423 2796 1547 2826 circum
1561 2793 1664 2826 Lach.

273 2852 334 2883 ‘206
348 2853 468 2890 Quone.
509 2851 624 2882 Nonne
642 2851 670 2880 B
687 2859 771 2881 corr.
786 2850 884 2881 Pont.
900 2850 983 2881 Mar.
1001 2850 1091 2888 vulg.
1227 2850 1288 2880 211
1301 2851 1362 2880 diu
1374 2849 1431 2880 AB
1444 2849 1537 2880 Nico.
1577 2850 1652 2879 divo
1662 2848 1749 2888 vulg.
1764 2848 1819 2880 be-

231 2905 299 2935 fore
315 2904 417 2936 Lach.
552 2905 614 2934 213
630 2905 756 2934 mundi.
802 2904 921 2935 mundo
938 2903 1042 2934 Lach.
1060 2903 1121 2934 but
1137 2902 1226 2940 here,
1245 2912 1283 2934 as
1299 2912 1312 2933 1
1329 2903 1412 2934 1060
1428 2901 1497 2933 and
1512 2911 1546 2932 rv
1561 2902 1634 2938 418,
1651 2901 1694 2932 he
1711 2911 1819 2933 seems

231 2960 292 2989 not
309 2960 344 2989 to
362 2958 424 2988 feel
439 2957 517 2989 that
532 2958 631 2989 Lucr.
649 2957 732 2989 calls
750 2957 807 2988 the
822 2957 978 2988 refiected
995 2957 1104 2996 image
1120 2966 1140 2988 a
1156 2958 1296 2988 mundus
1312 2969 1319 2989 ι
1343 2966 1363 2988 a
1379 2955 1472 2996 quite
1488 2955 1626 2986 natural
1642 2955 1771 2988 notion.
