1997 3267
881 184 946 228 VI
1649 201 1729 243 273

233 293 378 351 guttai
412 294 481 335 vix
514 293 650 335 instar
681 298 810 334 erunt
841 293 970 335 unius
1001 293 1270 349 adaugmen3

234 377 318 418 quo
350 362 492 404 minus
523 368 588 404 est
619 361 777 403 mirum
810 376 925 403 mare
956 376 1042 403 non
1073 377 1303 419 augescere
1338 379 1552 421 magnum.
1646 367 1726 418 615

234 436 458 487 praeterea
489 445 689 486 magnam
721 429 782 471 sol
814 435 983 486 partem
1014 430 1206 473 detrahit
1237 438 1371 474 aestu.

234 499 393 555 quippe
426 499 622 540 videmus
653 498 769 540 enim
802 498 933 540 vestis
964 513 1112 540 umore
1146 499 1359 542 madentis

233 568 444 610 exsiccare
475 567 564 609 suis
594 567 725 609 radiis
755 566 998 609 ardentibu’
1030 568 1185 610 solem:

232 643 278 679 at
309 637 459 693 pelage
492 637 630 678 multa
660 642 705 678 et
736 636 823 678 late
855 636 1075 678 substrata
1106 637 1312 680 videmus.

234 707 410 764 proinde
441 707 542 748 licet
573 705 769 762 quamvis
799 721 851 747 ex
884 721 970 748 uno
1001 721 1171 763 quoque
1203 707 1292 749 loco
1322 708 1382 750 sol
1644 711 1731 752 620

234 777 394 819 umoris
425 791 599 832 parvam
631 775 793 818 delibet
824 775 878 817 ab
909 791 1092 831 aequore
1124 782 1315 832 partem3

234 846 411 903 largiter
440 846 485 887 in
517 851 640 887 tanto
670 845 810 900 spatio
842 850 987 886 tamen
1019 846 1186 887 auferet
1216 846 1352 889 undis.

233 921 327 957 tum
360 930 482 971 porro
514 914 632 956 venti
664 928 833 970 quoque
864 928 1065 969 magnam
1097 914 1244 956 tollere
1276 922 1441 971 partem

234 985 393 1027 umoris
424 990 604 1040 possunt
637 989 854 1026 verrentes
884 998 1079 1039 aequora,
1112 984 1252 1025 ventis

235 1069 320 1096 una
351 1060 475 1096 nocte
506 1053 597 1095 vias
628 1053 830 1109 quoniam
862 1067 1068 1108 persaepe
1100 1053 1295 1096 videmus
1645 1057 1727 1108 625

233 1123 380 1166 siccari
412 1122 635 1178 mollisque
668 1122 750 1164 luti
781 1136 1048 1164 concrescere
1079 1129 1256 1164 crustas.

233 1198 457 1249 praeterea
487 1191 613 1233 docui
644 1191 832 1232 multum
865 1205 1034 1247 quoque
1067 1191 1216 1233 tollere
1248 1191 1385 1234 nubes

233 1276 428 1303 umorem
462 1276 617 1317 magno
648 1267 904 1316 conceptum
936 1275 988 1303 ex
1020 1276 1203 1317 aequore
1233 1261 1357 1317 ponti

233 1335 279 1372 et
309 1330 468 1385 passim
501 1335 592 1371 toto
624 1335 836 1371 terrarum
867 1344 1066 1386 spargere
1098 1329 1143 1371 in
1174 1329 1278 1379 orbi,

234 1413 333 1441 cum
365 1399 480 1455 pluit
511 1398 554 1440 in
589 1397 715 1440 terris
747 1403 791 1440 et
823 1398 943 1440 venti
974 1398 1123 1439 nubila
1152 1404 1337 1454 portant.
1647 1401 1734 1453 630

234 1475 451 1525 postremo
482 1467 684 1524 quoniam
716 1482 810 1509 raro
841 1482 938 1509 cum
971 1482 1142 1523 corpore
1174 1467 1303 1510 tellus

235 1544 313 1587 est,
343 1544 388 1580 et
418 1538 702 1587 coniunctast,
732 1552 826 1579 oras
856 1537 986 1579 maris
1016 1536 1206 1593 undique
1236 1537 1423 1595 cingens,

235 1607 377 1657 debet,
410 1613 461 1649 ut
490 1607 536 1649 in
567 1623 684 1650 mare
715 1607 768 1650 de
800 1607 925 1650 terris
955 1607 1074 1649 venit
1103 1622 1225 1649 umor
1255 1607 1393 1664 aquai,

236 1678 282 1719 in
313 1684 448 1720 terras
479 1677 632 1719 itidem
665 1692 839 1719 manare
870 1692 921 1719 ex
953 1691 1135 1733 aequore
1167 1676 1300 1729 salso;

237 1747 480 1803 percolatur
512 1747 627 1789 enim
660 1747 777 1789 virus
808 1752 1008 1803 retroque
1038 1752 1235 1788 remanat
1650 1749 1730 1800 635

238 1818 441 1860 materies
471 1817 632 1859 umoris
663 1823 708 1859 et
739 1817 794 1858 ad
825 1823 957 1873 caput
987 1816 1187 1858 amnibus
1218 1816 1355 1858 omnis

238 1886 428 1936 confluit,
460 1886 560 1928 inde
593 1901 724 1941 super
754 1891 890 1928 terras
920 1885 1033 1927 redit
1063 1885 1236 1942 agmine
1267 1884 1381 1926 dulci

238 1970 325 2012 qua
354 1955 425 1997 via
454 1961 572 1997 secta
601 1955 733 1997 semel
765 1954 928 2011 liquido
959 1953 1068 2010 pede
1098 1953 1254 1996 detulit
1285 1953 1452 2008 undas]

298 2025 428 2068 Nunc
458 2025 569 2067 ratio
600 2040 710 2080 quae
741 2024 809 2075 sit,
840 2040 918 2081 per
947 2025 1089 2066 fauces
1119 2024 1277 2066 montis
1307 2030 1358 2066 ut
1389 2024 1556 2066 Aetnae

240 2095 438 2151 expirent
469 2095 591 2151 ignes
621 2094 841 2136 interdum
873 2093 1046 2136 turbine
1077 2099 1211 2143 tanto,
1650 2095 1738 2146 640

240 2163 477 2219 expediam.
519 2177 660 2218 neque
692 2163 806 2204 enim
838 2162 1040 2204 mediocri
1070 2161 1188 2204 clade
1219 2167 1363 2204 coorta

240 2233 439 2275 flammea
469 2238 706 2288 tempestas
738 2232 932 2274 Siculum
963 2231 1184 2273 dominata
1213 2246 1289 2288 per
1319 2245 1442 2288 agros

240 2300 437 2342 finitimis
467 2300 522 2342 ad
553 2315 598 2342 se
629 2300 840 2342 convertit
872 2299 1076 2356 gentibus
1106 2313 1189 2349 ora,

125 2422 293 2454 Naturam
307 2420 406 2453 Pont.
427 2420 513 2451 Mar.
530 2419 606 2450 Ald.
622 2420 639 2450 1
657 2419 677 2450 J
680 2422 754 2451 unt.
776 2418 852 2450 first
868 2418 920 2449 for
935 2419 1080 2449 Natura.
1217 2415 1280 2447 614
1296 2417 1490 2457 adauymen.
1535 2416 1582 2447 ad
1596 2426 1737 2457 auqmen

127 2474 219 2507 Nicc.
237 2473 394 2506 followed
410 2473 453 2513 by
470 2473 516 2504 all
531 2482 614 2506 mss.
634 2472 704 2504 and
719 2471 788 2504 eds.
806 2472 918 2504 before
939 2471 1044 2503 Lach.
1200 2469 1263 2502 616
1283 2480 1436 2510 maynam
1455 2471 1504 2502 sol
1519 2470 1621 2502 Pont.
1638 2470 1736 2503 Junt.

126 2529 179 2561 for
201 2529 251 2560 sol
271 2537 436 2568 maynam.
482 2536 637 2567 maynam
654 2531 788 2567 partem
809 2527 858 2557 sol
882 2525 967 2557 Mar.
1146 2523 1209 2555 624
1235 2533 1391 2564 aequora,
1418 2525 1526 2556 ventis
1552 2524 1660 2556 Lach.
1683 2524 1737 2556 for

128 2593 274 2624 aequora
296 2584 400 2614 venti.
446 2591 592 2622 aequora
610 2582 708 2622 ponti
733 2579 826 2612 Nicc.
843 2579 932 2619 vulg.
955 2577 1103 2619 perhaps
1126 2577 1264 2619 rightly,
1289 2588 1328 2610 as
1350 2578 1410 2610 the
1431 2578 1541 2610 words
1563 2589 1620 2611 are
1642 2579 1738 2612 often

126 2636 309 2670 confused:
332 2645 443 2675 comp.
462 2645 475 2666 1
492 2635 571 2668 276:
596 2635 666 2667 and
682 2635 790 2666 ventis
805 2633 836 2665 is
852 2632 1038 2665 somewhat
1055 2631 1234 2664 awkward.
1366 2632 1430 2665 629
1445 2634 1517 2664 orbi
1535 2633 1620 2665 Mar.
1637 2634 1735 2666 Junt.

126 2692 179 2723 for
194 2692 292 2723 orbis.
338 2692 412 2722 orbe
428 2690 519 2721 Flor.
537 2690 578 2721 31
595 2689 713 2721 Camb.
731 2690 856 2721 Avanc.
1047 2687 1110 2719 632
1131 2689 1235 2719 maris
1250 2687 1278 2718 B
1301 2696 1386 2719 corr.
1406 2687 1506 2720 Pont.
1529 2688 1616 2720 Mar.
1637 2688 1735 2721 Junt.

129 2748 203 2788 (not
218 2746 310 2777 Flor.
327 2746 382 2787 31)
399 2745 452 2776 for
466 2747 584 2785 maguis.
771 2744 834 2776 638
844 2743 928 2784 pede
945 2743 1067 2774 detulit
1082 2742 1110 2773 A
1126 2751 1211 2773 corr.
1229 2741 1283 2773 for
1293 2743 1378 2783 pede
1396 2744 1487 2774 tulit.
1672 2743 1736 2776 641

125 2802 285 2833 mediocri
306 2801 401 2832 clade
422 2804 534 2831 coorta
556 2799 602 2832 Is.
623 2798 722 2830 Voss.
738 2799 777 2829 in
797 2808 861 2829 ms.
879 2800 977 2829 notes
999 2797 1050 2828 for
1065 2798 1175 2829 media
1196 2799 1311 2837 ,qv-ecia
1333 2798 1371 2829 de
1392 2803 1520 2830 coorta:
1545 2807 1566 2829 a
1581 2798 1651 2830 fine
1667 2798 1736 2830 and

125 2854 257 2888 certain
273 2854 472 2886 correction.
518 2854 628 2885 media
644 2853 683 2884 de
698 2853 796 2893 ylade
811 2852 888 2884 Vat.
911 2852 995 2885 1954
1011 2851 1137 2885 Othob.
1184 2852 1295 2883 media
1310 2853 1348 2883 de
1364 2853 1459 2883 clade
1475 2854 1541 2884 two
1556 2852 1633 2885 Vat.
1653 2852 1736 2885 Pius

126 2911 164 2942 in
188 2912 298 2948 notes,
315 2910 459 2949 Nauger.
479 2908 601 2940 Lamb.
646 2909 757 2939 media
780 2917 863 2948 quae
886 2907 980 2938 clade
1003 2906 1132 2939 Avanc.
1177 2906 1238 2939 dia
1261 2907 1300 2938 de
1323 2907 1418 2938 clade
1440 2906 1523 2938 Fab.
1569 2909 1736 2940 Enceladi

127 2967 165 2998 de
181 2966 275 2997 clade
292 2963 406 2996 Bentl.
423 2963 535 2995 before
550 2962 593 2994 he
608 2961 706 2993 knew
721 2961 874 2993 Vossius’
889 2960 1120 2993 emendation.
1296 2959 1359 2992 642
1374 2962 1543 2993 Flammea
1559 2961 1679 2996 Heius.
1699 2962 1736 2994 in

247 3041 291 3072 M.
1567 3030 1621 3069 18
