1997 3267
950 197 990 239 V
1693 212 1774 254 237

285 319 434 360 cogere
466 305 571 346 item
603 305 737 360 pluris
770 319 879 346 unus
911 305 1130 360 victosque
1161 305 1332 348 domare
1670 319 1775 360 1050

286 388 370 415 non
401 379 581 429 poterat,
612 389 753 415 rerum
787 380 836 415 ut
867 374 1105 429 perdiscere
1139 375 1313 416 nomina
1344 376 1513 418 vellent.

285 456 363 484 nec
394 442 558 484 ratione
589 442 738 484 docere
770 442 856 484 ulla
887 442 1150 497 suadereque
1182 443 1332 493 surdis,

285 511 387 566 quid
419 511 474 552 sit
506 526 611 566 opus
643 511 764 559 facto,
796 511 982 562 facilest;
1023 526 1162 566 neque
1194 512 1308 553 enim
1340 519 1592 568 paterentur

285 594 363 622 nec
394 580 558 622 ratione
591 580 678 621 ulla
709 579 790 621 sibi
822 580 981 621 ferrent
1012 580 1197 635 amplius
1228 581 1343 622 auris

286 647 399 688 vocis
430 647 647 689 inauditos
678 647 843 688 sonitus
874 647 1111 689 obtundere
1145 648 1310 689 frustra.
1670 662 1769 703 1055

285 722 499 771 postremo
530 717 633 772 quid
665 716 709 757 in
742 716 819 757 hac
850 716 1044 757 mirabile
1077 722 1343 771 tantoperest
1374 732 1430 766 re,

286 785 322 826 si
352 801 488 841 genus
519 786 766 835 humanum,
800 786 869 827 cui
901 801 978 827 vox
1012 791 1056 827 et
1088 786 1236 842 lingua
1267 786 1442 843 vigeret,

286 869 362 910 pro
393 854 508 895 vario
540 869 664 895 sensu
700 855 813 896 varia
845 869 910 896 res
942 870 1041 897 voce
1074 859 1277 897 notaret?

286 938 384 965 cum
415 924 599 979 pecudes
630 929 789 973 mutae,
820 939 917 965 cum
949 923 1134 980 denique
1166 925 1305 966 saecla
1335 925 1519 967 ferarum

286 992 503 1034 dissimilis
534 992 698 1033 soleant
729 1007 851 1033 voces
882 992 1103 1048 variasque
1135 993 1254 1042 ciere,
1670 996 1776 1037 1060

286 1075 384 1102 cum
416 1066 557 1102 metus
588 1066 664 1102 aut
695 1061 812 1102 dolor
843 1066 908 1102 est
939 1067 983 1102 et
1015 1076 1112 1102 cum
1143 1062 1228 1102 iam
1259 1062 1420 1118 gaudia
1449 1063 1646 1119 gliscunt

286 1129 444 1185 quippe
477 1130 637 1171 etenim
670 1129 770 1171 licet
802 1129 845 1171 id
877 1130 1004 1171 rebus
1036 1145 1284 1187 cognoscere
1315 1132 1485 1187 apertis.

286 1199 464 1240 inritata
495 1214 648 1240 canum
680 1214 777 1240 cum
810 1199 997 1254 primum
1030 1214 1187 1255 magna
1220 1200 1448 1242 Molossum

286 1269 431 1310 mollia
461 1269 569 1310 ricta
600 1270 789 1310 fremunt
820 1268 948 1310 duros
978 1269 1190 1310 nudantia
1220 1269 1383 1319 dentes,

287 1337 410 1393 longe
442 1337 523 1378 alio
555 1337 698 1378 sonitu
730 1338 848 1379 rabie
879 1337 1077 1380 restricta
1107 1337 1340 1385 minantur,
1670 1342 1771 1392 1065

286 1411 331 1448 et
361 1421 458 1447 cum
490 1406 575 1446 iam
608 1406 767 1447 latrant
799 1411 843 1447 et
874 1405 1049 1447 vocibus
1080 1405 1223 1446 omnia
1254 1406 1479 1461 complent.

285 1480 331 1518 et
360 1476 523 1517 catulos
553 1475 709 1517 blande
740 1491 837 1517 cum
870 1475 1019 1531 lingua
1050 1475 1236 1517 lambere
1268 1481 1487 1531 temptant

285 1549 362 1586 aut
393 1544 469 1586 ubi
500 1559 570 1585 eos
600 1544 763 1586 iactant
795 1543 976 1599 pedibus
1007 1559 1235 1600 morsuque
1267 1551 1464 1599 petentes

286 1613 502 1669 suspensis
533 1619 702 1655 teneros
733 1613 962 1655 imitantur
992 1613 1195 1655 dentibus
1227 1614 1420 1663 haustus,

286 1683 410 1740 longe
442 1683 524 1724 alio
556 1688 681 1738 pacto
712 1683 896 1739 gannitu
928 1683 1041 1724 vocis
1072 1683 1264 1732 adulant,
1670 1696 1777 1737 1070

287 1756 332 1793 et
361 1766 460 1792 cum
491 1751 650 1793 deserti
680 1751 927 1793 baubantur
957 1752 1002 1792 in
1034 1751 1212 1793 aedibus
1243 1757 1320 1792 aut
1351 1766 1448 1793 cum

172 1942 247 1964 own
264 1932 419 1964 Catullus
435 1931 544 1964 shews
560 1932 637 1964 that
653 1932 695 1965 he
711 1933 810 1964 knew
827 1932 885 1964 the
901 1932 1031 1964 edition
1049 1933 1084 1964 of
1100 1933 1227 1964 Avanc.
1377 1934 1459 1967 1049
1476 1934 1602 1966 Avanc.
1624 1934 1778 1966 followed

171 1987 215 2026 by
230 1985 348 2017 Lamb.
365 1985 469 2018 Lach.
490 1988 554 2017 etc.
572 1986 634 2017 but
650 1988 711 2017 not
726 1986 771 2026 by
787 1986 806 2017 J
810 1988 882 2017 unt.
901 1996 939 2017 or
956 1986 1101 2026 Nauger.
1114 1985 1178 2017 has
1195 1986 1376 2025 corrupted
1391 1986 1449 2017 the
1466 1996 1562 2018 sense
1579 1986 1622 2027 by
1634 1987 1776 2027 reading

175 2041 264 2080 Quid
279 2042 387 2077 vellet,
405 2041 520 2080 facere
541 2045 578 2071 ut
597 2042 721 2072 scirent
742 2042 916 2081 animoque
937 2040 1105 2072 viderem:
1130 2049 1175 2071 on
1197 2040 1397 2081 comparing
1419 2040 1510 2072 what
1531 2040 1687 2080 precedes
1708 2042 1777 2074 and

172 2094 314 2130 follows,
331 2094 358 2126 it
380 2094 409 2125 is
430 2094 591 2126 manifest
613 2094 689 2126 that
712 2095 770 2126 the
791 2094 1026 2126 construction
1047 2096 1141 2126 must
1162 2094 1203 2126 be
1221 2094 1279 2126 the
1296 2104 1390 2126 same
1407 2105 1445 2127 as
1466 2096 1526 2126 183
1551 2096 1639 2135 Quid
1658 2098 1778 2127 zellent

166 2151 279 2190 facere
295 2154 333 2181 ut
348 2151 487 2181 scirent:
503 2151 583 2190 fiist
598 2149 652 2187 he,
670 2150 737 2181 like
755 2149 812 2181 the
829 2149 912 2189 gods
928 2149 1034 2187 there,
1051 2149 1120 2180 had
1136 2152 1171 2180 to
1188 2149 1287 2180 know
1303 2149 1395 2181 what
1411 2149 1454 2181 he
1471 2149 1605 2182 wanted
1621 2150 1776 2187 himself;

172 2203 255 2235 then
271 2205 349 2235 item
366 2204 448 2236 1050
465 2206 500 2236 to
516 2204 614 2235 make
630 2203 745 2235 others
761 2206 797 2236 to
814 2204 924 2235 know.
970 2205 1069 2235 sciret
1085 2202 1113 2234 is
1130 2203 1197 2235 like
1206 2205 1318 2244 sal-<yet
1335 2203 1372 2235 in
1390 2214 1417 2234 11
1433 2206 1777 2237 27.1053

175 2259 264 2298 Quid
280 2260 324 2289 sit
340 2267 420 2298 opus
437 2259 533 2298 facto
549 2259 688 2298 facilest
704 2258 808 2290 Lach.
831 2258 882 2289 for
898 2259 1006 2298 facile
1022 2259 1063 2288 si.
1118 2258 1240 2297 faciles
1261 2267 1365 2298 neque
1386 2260 1473 2289 enim
1491 2258 1581 2290 Flor.
1599 2260 1639 2290 31
1657 2259 1774 2291 Gamb.

174 2313 258 2344 Mar.
274 2311 350 2344 Ald.
369 2313 386 2343 1
403 2312 502 2344 Junt.
518 2313 639 2344 Lamb.
656 2313 707 2345 ed.
727 2314 744 2344 1
762 2313 830 2344 and
852 2315 890 2353 ‘2;
914 2313 975 2344 but
997 2312 1046 2344 ed.
1069 2314 1088 2344 3
1112 2313 1201 2351 Quid
1217 2313 1313 2352 facto
1336 2318 1417 2344 esset
1441 2323 1538 2353 opus;
1564 2324 1667 2354 neque
1690 2317 1777 2346 enim

166 2368 307 2408 faciles:
333 2376 353 2398 a
369 2366 498 2398 violent
514 2367 661 2407 change3
687 2367 749 2399 but
769 2367 825 2399 his
846 2367 1041 2407 knowledge
1063 2367 1100 2398 of
1120 2366 1225 2398 Latin
1247 2366 1371 2406 taught
1391 2366 1466 2398 him
1487 2367 1564 2399 that
1584 2367 1620 2399 in
1642 2368 1700 2400 the
1722 2369 1777 2400 old

172 2421 312 2461 reading
326 2422 371 2453 sit
388 2421 457 2453 and
473 2421 532 2453 the
549 2422 699 2462 position
716 2422 753 2453 of
766 2432 869 2462 neque
885 2424 970 2453 enim
988 2431 1071 2452 were
1087 2421 1180 2461 quite
1196 2420 1431 2453 indefensible.
1580 2423 1663 2454 1058
1679 2426 1777 2455 varia

172 2485 223 2507 res
243 2475 356 2507 Bentl.
377 2475 431 2506 for
452 2477 566 2507 varias
583 2486 653 2508 res:
679 2475 737 2507 the
759 2476 941 2508 attraction
962 2476 1000 2507 of
1020 2486 1070 2508 res
1091 2475 1156 2507 has
1177 2476 1302 2507 caused
1323 2476 1380 2507 the
1401 2486 1511 2508 error:
1543 2477 1627 2510 1090
1648 2479 1721 2509 alia
1744 2488 1777 2510 re

172 2539 255 2562 mss.
272 2530 325 2562 for
340 2531 413 2562 alia
427 2541 490 2562 res.
640 2531 724 2563 1062
742 2532 819 2563 licet
835 2533 871 2562 id
886 2532 980 2562 rebus
996 2530 1102 2562 Lach.
1120 2530 1209 2562 after
1225 2530 1291 2563 Gif.
1313 2530 1349 2561 in
1366 2532 1445 2562 note
1461 2531 1513 2561 for
1530 2532 1608 2563 licet
1622 2533 1657 2563 in
1671 2533 1777 2563 rebus.

173 2587 210 2617 id
227 2587 304 2617 licet
319 2596 334 2617 e
350 2587 445 2617 rebus
461 2584 581 2617 Lamb.
728 2585 811 2616 1063
828 2595 960 2624 muana.
1007 2586 1138 2616 inmane
1155 2583 1262 2616 Lach.
1279 2584 1423 2616 without
1440 2594 1550 2616 cause.
1695 2585 1777 2616 1064

168 2641 316 2681 fremunt
332 2640 419 2671 Mar.
437 2640 512 2671 Ald.
532 2641 549 2671 1
569 2640 590 2671 J
593 2642 666 2672 unt.
687 2640 739 2671 for
750 2645 916 2681 premunt.
964 2645 1106 2671 tremunt
1122 2639 1267 2671 Nonius.
1445 2639 1528 2671 1065
1544 2641 1613 2671 alio
1629 2640 1719 2671 Flor.
1738 2641 1777 2672 31

174 2695 290 2727 Camb.
316 2694 401 2725 Mar.
419 2696 482 2725 etc.
500 2694 552 2725 for
572 2695 655 2725 alia.
702 2695 794 2725 rabie
818 2695 973 2725 restricta
993 2692 1097 2725 Lach.
1124 2693 1176 2724 for
1198 2694 1291 2725 rabie
1314 2694 1445 2725 stricta.
1492 2695 1599 2724 rabies
1623 2695 1777 2725 districta

173 2750 264 2781 Flor.
288 2748 328 2779 31
353 2748 471 2780 Camb.
494 2749 513 2778 2
535 2748 611 2780 Vat.
633 2748 719 2779 Mar.
766 2750 858 2780 rabie
883 2750 1040 2780 districta
1062 2748 1163 2780 Pont.
1185 2748 1307 2780 Lamb.
1352 2749 1445 2779 rabie
1470 2749 1633 2779 distracta
1656 2749 1675 2778 2
1700 2748 1776 2780 Vat.

174 2804 319 2842 Nauger.
365 2803 535 2832 minamur
551 2801 651 2833 Pont.
669 2801 814 2841 Nauger.
832 2802 884 2833 for
899 2804 1060 2833 minatur.
1253 2801 1336 2834 1067
1353 2803 1400 2833 Et
1416 2800 1522 2833 Lach.
1541 2801 1593 2833 for
1608 2803 1653 2832 At
1668 2801 1777 2833 which

173 2867 257 2889 even
273 2856 394 2889 Lamb.
412 2857 553 2888 retains.
688 2857 770 2889 1068
788 2859 918 2890 iactant
934 2857 1080 2898 Nauger.
1099 2857 1150 2888 for
1167 2858 1306 2889 lactant.
1347 2862 1495 2898 petentes
1511 2857 1601 2888 Flor.
1620 2857 1661 2887 31
1681 2857 1774 2890 Mon.

173 2912 248 2944 Ver.
270 2912 354 2942 Ven.
371 2913 432 2942 etc.
453 2911 506 2942 for
524 2915 685 2951 potentes.
727 2916 864 2951 patente
880 2911 926 2942 Is.
946 2911 1042 2943 Voss.
1060 2911 1098 2942 in
1115 2921 1178 2944 ms.
1199 2913 1307 2943 notes.
1463 2910 1545 2943 1069
1562 2916 1688 2942 teneros
1704 2913 1777 2943 imi-

174 2972 300 2999 tantur.
347 2977 437 2998 vefros
454 2967 632 2998 imitantur
647 2966 755 2998 Faber
771 2966 808 2997 in
824 2969 932 3000 notes.
984 2972 1107 2999 teneros
1124 2968 1325 2999 minitantur
1340 2965 1465 2998 Lach.:
1489 2966 1549 2998 but
1573 2966 1655 3007 they
1670 2967 1778 2999 refine
