1997 3267
982 144 1045 185 Ν
1736 148 1812 200 187

326 255 527 311 effugere,
559 268 742 295 errorem
776 252 998 307 vitareque
1029 257 1393 307 praemetuenter,

327 323 492 365 lumina
523 337 576 364 ne
609 322 737 364 facias
769 321 988 363 oculorum
1019 321 1133 362 clara
1163 325 1319 369 creata,
1732 325 1812 376 825

213 396 291 446 825
327 393 567 449 prospicere
599 397 649 433 ut
680 406 910 447 possemus,
943 396 988 431 et
1019 396 1069 431 ut
1100 389 1286 444 proferre
1319 403 1522 445 queamus

327 476 519 517 proceros
553 475 713 516 passus,
744 459 840 501 ideo
872 458 1046 514 fastigia
1079 472 1200 513 posse

326 544 522 571 surarum
553 544 602 570 ac
635 528 843 570 feminum
876 527 1058 584 pedibus
1090 525 1270 567 fundata
1301 526 1462 581 plicari,

326 598 524 640 bracchia
556 604 650 639 tum
682 611 805 652 porro
837 595 989 637 validis
1020 610 1071 637 ex
1103 600 1207 649 apta
1239 593 1408 636 lacertis

327 683 418 711 esse
449 682 687 723 manusque
718 667 842 708 datas
873 673 1056 722 utraque
1088 680 1137 708 ea:
1168 670 1289 721 parte
1322 664 1551 715 ministras,
1732 667 1816 720 830

327 744 378 781 ut
411 738 546 780 facere
578 737 631 779 ad
664 737 797 778 vitam
829 750 1050 793 possemus
1082 749 1191 791 quae
1224 734 1332 776 foret
1364 749 1475 776 usus.

327 812 471 849 cetera
501 805 554 847 de
585 819 742 862 genere
774 804 852 846 hoe
884 805 996 846 iuter
1028 816 1323 860 quaecumque
1355 807 1592 857 pretantur,

328 875 472 917 omnia
503 889 702 930 perversa
732 880 1007 930 praepostera
1037 878 1139 915 sunt
1171 872 1349 921 ratione,

328 944 388 986 nil
421 944 516 986 ideo
547 944 750 1000 quoniam
782 947 978 984 natumst
1010 941 1053 983 in
1086 956 1258 997 corpore
1291 947 1342 983 ut
1372 941 1439 984 uti

328 1029 559 1070 possemus,
591 1014 665 1056 sed
697 1013 810 1070 quod
841 1018 1037 1054 natumst
1069 1012 1112 1053 id
1144 1016 1339 1067 procreat
1370 1026 1508 1060 usum,
1736 1013 1815 1064 835

327 1099 406 1126 nec
438 1084 521 1125 fuit
552 1090 654 1126 ante
687 1083 831 1124 videre
863 1082 1081 1123 oculorum
1114 1081 1279 1123 lumina
1308 1087 1412 1122 nata

330 1168 409 1196 nee
439 1153 566 1195 dictis
598 1168 716 1195 orare
747 1152 866 1209 prius
898 1166 1027 1207 quam
1060 1151 1210 1207 lingua
1240 1156 1436 1201 creatast,

329 1223 404 1266 sed
436 1224 580 1279 potius
611 1223 737 1279 longe
770 1221 942 1278 linguae
974 1220 1206 1277 praecessit
1237 1220 1355 1277 origo

327 1307 566 1335 sermonem
598 1291 822 1346 multoque
854 1295 1022 1332 creatae
1054 1295 1157 1331 sunt
1188 1289 1307 1345 prius
1338 1302 1462 1331 aures

329 1376 458 1418 quam
491 1376 622 1403 sonus
654 1367 719 1402 est
751 1359 939 1409 auditus,
971 1365 1016 1402 et
1047 1359 1192 1401 omnia
1221 1359 1407 1414 denique
1439 1357 1630 1399 membra
1738 1360 1822 1409 840

328 1437 431 1473 ante
462 1431 593 1481 fuere,
625 1437 675 1473 ut
706 1431 868 1486 opinor,
900 1445 1046 1472 eorum
1080 1444 1209 1485 quam
1242 1429 1351 1470 foret
1383 1443 1509 1479 usus3

329 1500 446 1542 haud
478 1500 612 1556 igitur
643 1506 820 1556 potuere
852 1498 1006 1541 utendi
1037 1513 1223 1540 creseere
1255 1512 1393 1539 eausa.

329 1575 376 1612 at
406 1575 556 1612 contra
586 1570 774 1612 conferre
806 1583 938 1610 manu
970 1567 1208 1609 certamina
1239 1581 1412 1623 pugnae

329 1645 375 1682 et
406 1640 590 1681 lacerare
621 1646 743 1681 artus
776 1639 1032 1694 foedareque
1065 1637 1259 1678 membra
1290 1650 1437 1678 cruore

328 1714 431 1751 ante
463 1708 546 1750 fuit
577 1708 715 1750 multo
748 1722 878 1763 quam
910 1707 1052 1748 lucida
1084 1706 1172 1748 tela
1202 1705 1409 1755 volarent,
1739 1704 1818 1755 845

330 1783 376 1820 et
406 1778 559 1819 volnus
590 1778 728 1820 vitare
759 1778 878 1833 prius
909 1783 1066 1818 natura
1097 1776 1237 1833 coegit

330 1862 461 1904 quam
492 1848 616 1890 daret
647 1847 865 1889 obiectum
898 1845 1062 1902 parmai
1095 1845 1217 1886 laeva
1246 1858 1323 1900 per
1353 1848 1503 1886 artem.

330 1917 493 1959 scilicet
525 1925 569 1959 et
601 1917 761 1958 fessum
793 1930 944 1971 corpus
976 1914 1180 1957 mandare
1212 1913 1349 1970 quieti

331 1986 469 2028 multo
499 1986 722 2042 antiquius
753 1991 819 2027 est
850 1999 979 2040 quarn
1012 1984 1113 2025 lecti
1145 1983 1290 2025 mollia
1319 1987 1468 2031 strata,

331 2061 375 2098 et
406 2055 553 2097 sedare
586 2055 705 2096 sitim
736 2055 855 2110 prius
886 2060 952 2095 est
983 2068 1113 2109 quam
1144 2052 1297 2108 poeula
1326 2057 1491 2093 natum.
1741 2049 1825 2102 850

331 2124 437 2166 haec
468 2124 604 2180 igitur
633 2128 813 2179 possunt
843 2121 998 2165 utendi
1029 2121 1202 2177 cognita
1232 2134 1362 2162 causa

217 2266 306 2309 (826)
323 2265 472 2307 brought
488 2266 570 2298 here
585 2266 630 2307 by
645 2266 674 2298 B
691 2275 777 2298 corr.
796 2265 881 2298 Mar.
902 2265 977 2298 Ald.
1000 2266 1017 2296 1
1035 2264 1132 2297 Junt.
1335 2262 1398 2294 823
1412 2263 1534 2293 avessis
1550 2259 1614 2292 Ed.
1636 2259 1688 2291 for
1704 2260 1824 2291 inesse:

215 2330 247 2362 p.
264 2321 325 2353 171
337 2320 374 2352 of
383 2319 442 2353 the
455 2320 648 2362 archetype,
665 2320 724 2352 the
737 2319 982 2352 terminations
995 2319 1031 2350 of
1042 2318 1100 2350 the
1110 2317 1200 2349 lines
1212 2316 1380 2349 therefore
1392 2314 1492 2355 being
1502 2312 1650 2346 towards
1659 2313 1719 2345 the
1730 2315 1827 2344 outer

215 2374 362 2415 margin,
379 2374 489 2407 ended
504 2374 588 2407 with
605 2376 688 2408 827:
713 2375 758 2415 by
775 2384 868 2406 some
889 2373 1019 2406 chance
1035 2373 1118 2405 then
1137 2382 1152 2403 s
1168 2371 1227 2404 the
1242 2371 1311 2403 last
1327 2371 1429 2402 letter
1444 2369 1482 2401 of
1502 2368 1574 2400 this
1589 2367 1669 2405 line,
1686 2366 1754 2399 and
1770 2366 1828 2398 the

217 2428 313 2462 three
333 2428 412 2466 last,
433 2440 514 2469 mus,
537 2429 574 2461 of
593 2429 656 2461 826
677 2438 762 2461 were
783 2429 868 2467 lost;
894 2430 1003 2460 avessi
1025 2437 1093 2459 was
1115 2426 1199 2458 then
1221 2424 1377 2465 changed
1398 2427 1434 2456 to
1456 2425 1572 2460 inesse,
1597 2432 1680 2463 quea
1701 2424 1738 2453 to
1753 2423 1822 2453 via.

217 2484 338 2516 vitium
353 2487 518 2515 vementer
531 2482 624 2515 rebu'
638 2488 797 2516 necessest
813 2482 938 2515 Lach.:
963 2492 984 2514 a
1000 2481 1129 2513 violent
1146 2479 1344 2512 alteration.
1382 2480 1488 2510 inesto
1498 2478 1583 2509 Mar.
1601 2476 1676 2508 Ald.
1693 2478 1710 2507 1
1727 2476 1825 2508 Junt.

217 2537 370 2570 Gronov,
416 2547 548 2569 avemus
566 2538 612 2569 Te
628 2538 769 2578 effuyere
785 2537 886 2570 Bern.
1051 2536 1114 2567 824
1131 2544 1271 2567 errorem
1285 2535 1460 2573 vitareque
1475 2532 1503 2563 B
1521 2540 1606 2563 corr.
1626 2530 1755 2563 Avanc.
1775 2530 1827 2562 for

217 2601 324 2624 errore
345 2591 563 2631 multat-eque.
609 2601 716 2622 errore
738 2591 858 2622 multas
881 2601 942 2631 que
962 2590 1225 2631 premedicentur
1245 2587 1336 2620 Flor.
1362 2587 1402 2618 31
1424 2585 1544 2618 Camb.
1569 2593 1634 2616 one
1657 2583 1733 2615 Vat.
1756 2593 1826 2614 cor-

217 2646 335 2688 ruptly
350 2645 403 2678 for
418 2656 443 2678 e.
460 2655 493 2677 v.
506 2649 772 2686 praevzzetuenter
790 2645 1077 2687 (praemetuentur
1092 2644 1150 2684 A):
1175 2642 1246 2675 this
1261 2642 1326 2673 has
1342 2640 1397 2673 led
1412 2642 1448 2672 to
1465 2639 1597 2671 further
1612 2637 1827 2677 corruptions

219 2701 264 2742 by
279 2701 366 2733 Mar.
383 2700 481 2732 Junt.
498 2700 619 2732 Lamb.
637 2703 699 2733 etc.
903 2700 967 2731 826
977 2709 1145 2741 possemus
1161 2697 1268 2730 Lach.
1285 2698 1339 2728 for
1351 2697 1527 2737 possimus,
1545 2704 1584 2726 as
1599 2693 1658 2725 the
1674 2702 1776 2733 usage
1793 2693 1830 2724 of

217 2755 320 2787 Lucr.
340 2753 502 2794 requires.
553 2764 710 2795 queamus
730 2754 837 2786 Lach.
860 2754 912 2785 for
932 2755 1007 2785 via:
1033 2762 1088 2784 see
1110 2752 1218 2784 above
1238 2754 1275 2783 to
1297 2752 1383 2783 823:
1408 2749 1466 2781 the
1487 2748 1576 2788 vulg.
1602 2748 1676 2779 viai
1697 2747 1761 2778 has
1782 2755 1828 2778 no

219 2818 328 2842 sense.
494 2809 557 2842 827
574 2809 735 2850 fastigia.
781 2809 946 2849 suffraqia
961 2807 1063 2839 Pont.
1229 2805 1294 2837 830
1309 2815 1348 2836 ex
1364 2802 1474 2835 added
1489 2802 1533 2842 by
1548 2801 1655 2834 Lach.
1702 2811 1723 2833 a
1741 2801 1826 2833 Mar.

218 2863 295 2896 Ald.
318 2864 335 2894 1
352 2862 450 2895 Junt.
467 2862 559 2903 vulg.
773 2862 836 2894 836
851 2867 947 2894 nata.
994 2866 1110 2893 natum
1125 2859 1232 2894 Lach.
1252 2869 1291 2891 as
1306 2858 1344 2890 in
1361 2858 1445 2890 850:
1467 2856 1529 2888 but
1546 2865 1582 2887 as
1600 2859 1683 2887 nata
1698 2854 1791 2895 gives
1807 2865 1827 2886 a

218 2916 308 2959 good
323 2926 432 2954 sense,
446 2916 464 2947 Ι
479 2915 567 2948 have
581 2915 738 2948 retained
750 2916 797 2947 it:
823 2915 850 2947 it
866 2925 975 2947 seems
991 2917 1027 2948 to
1043 2925 1098 2946 me
1114 2923 1211 2946 more
1226 2913 1361 2954 elegant
1378 2912 1465 2943 than
1482 2910 1539 2942 the
1555 2909 1663 2942 other.
