1997 3267
908 182 972 223 VI
1639 197 1714 238 271

227 294 275 331 ut
306 304 379 331 vas
410 289 627 331 interdum
658 304 742 330 non
773 288 869 344 quit
901 295 1106 338 constare,
1137 288 1220 329 nisi
1252 303 1375 330 umor
1640 304 1659 345 5
1669 304 1687 346 5
1697 305 1716 346 5

224 358 395 400 destitit
426 359 469 399 in
502 358 634 400 dubio
665 358 800 399 fluctu
833 358 1031 399 iactarier
1061 357 1189 399 intus,

284 426 510 468 Praeterea
540 433 695 468 ventus
725 441 822 467 cum
854 440 930 481 per
961 425 1051 466 loca
1080 425 1266 467 subcava
1296 431 1433 469 terrae

224 496 427 538 collectus
459 501 580 552 parte
612 511 662 538 ex
694 510 782 536 una
812 495 1057 550 procumbit
1088 501 1132 536 et
1163 501 1290 549 urget

225 564 406 606 obnixus
436 565 604 619 magnis
633 565 857 620 speluncas
889 565 1051 606 viribus
1082 566 1203 615 altas,

224 634 436 676 incumbit
467 635 596 676 tellus
627 649 711 690 quo
742 634 861 675 venti
893 649 1025 689 prona
1055 635 1213 690 premit
1244 636 1317 679 vis.
1638 640 1722 691 560

226 709 321 745 tum
353 719 507 759 supera
537 710 695 745 terram
727 718 836 759 quae
868 710 971 745 sunt
1002 712 1202 747 extructa
1231 705 1456 747 domorum

224 773 279 814 ad
311 773 562 828 caelumque
594 773 731 829 magis
763 779 925 828 quanto
957 780 1059 815 sunt
1091 774 1208 816 edita
1239 790 1445 831 quaeque,

226 842 432 884 inclinata
463 848 630 885 tument
661 842 705 884 in
737 842 917 884 eandem
949 843 1119 898 prodita
1150 850 1318 899 partem

224 917 550 968 protractaeque
582 912 725 954 trabes
755 912 993 967 inpendent
1025 913 1085 954 ire
1118 920 1302 968 paratae.

225 990 270 1023 et
301 987 504 1022 metuunt
535 981 681 1037 magni
712 987 911 1022 naturam
945 982 1114 1023 credere
1147 982 1297 1024 mundi
1640 984 1716 1036 565

225 1050 398 1093 exitiale
429 1051 600 1106 aliquod
632 1056 805 1106 tempus
836 1050 1087 1107 clademque
1120 1067 1303 1101 manere,

225 1134 323 1161 cum
356 1119 530 1161 videant
561 1125 730 1161 tantam
762 1125 973 1161 terrarum
1006 1119 1252 1161 incumbere
1285 1120 1464 1162 molem!

225 1187 339 1244 quod
370 1188 453 1230 nisi
483 1188 695 1243 respirent
728 1187 861 1237 venti,
892 1187 956 1229 vis
987 1188 1105 1229 nulla
1135 1189 1321 1231 refrenet

227 1271 294 1298 res
323 1271 462 1312 neque
493 1257 548 1298 ab
579 1257 712 1298 exitio
742 1257 876 1312 possit
907 1256 1217 1312 reprehendere
1249 1258 1404 1299 euntis.

225 1340 340 1368 nunc
370 1327 471 1381 quia
501 1326 713 1382 respirant
744 1326 919 1368 alternis
950 1327 1080 1382 inque
1110 1333 1367 1382 gravescunt
1641 1339 1721 1380 570

225 1398 270 1435 et
301 1393 423 1448 quasi
453 1393 619 1435 collecti
651 1393 835 1435 redeunt
866 1393 1111 1449 ceduntque
1142 1394 1314 1448 repulsi,

226 1462 397 1518 saepius
429 1462 540 1504 hanc
571 1463 625 1504 ob
656 1478 746 1505 rem
778 1463 1010 1505 minitatur
1040 1471 1154 1505 terra
1184 1464 1329 1505 ruinas

227 1546 356 1588 quam
390 1531 516 1582 facit3
556 1531 791 1574 inclinatur
821 1532 937 1574 enim
969 1539 1169 1588 retroque
1201 1532 1365 1574 recellit

228 1606 274 1643 et
302 1601 455 1657 recipit
486 1601 684 1657 prolapsa
713 1616 812 1644 suas
843 1602 888 1643 in
920 1602 1105 1657 pondere
1136 1602 1268 1644 sedes.

228 1669 306 1712 hac
337 1670 473 1726 igitur
502 1671 668 1713 ratione
699 1671 903 1712 vacillant
934 1671 1078 1713 omnia
1107 1677 1234 1721 tecta,
1641 1682 1714 1724 575

228 1752 397 1780 summa
428 1739 563 1794 magis
594 1739 759 1789 mediis,
791 1739 932 1781 media
962 1739 1070 1789 imis,
1103 1739 1191 1781 ima
1221 1740 1442 1795 perhilum.

287 1808 366 1850 Est
398 1808 501 1850 haec
533 1808 724 1850 eiusdem
757 1823 925 1865 quoque
957 1809 1104 1865 magni
1134 1824 1261 1851 causa
1291 1810 1496 1858 tremoris,

227 1882 382 1918 ventus
413 1876 490 1918 ubi
520 1883 651 1933 atque
683 1877 851 1918 animae
883 1877 1028 1918 subito
1059 1877 1123 1918 vis
1154 1877 1342 1918 maxima
1372 1876 1580 1933 quaedam

227 1953 305 1989 aut
335 1948 600 1989 extrinsecus
630 1953 707 1990 aut
737 1948 832 2004 ipsa
861 1947 1015 1989 tellure
1046 1954 1190 1989 coorta

227 2016 273 2058 in
304 2017 394 2058 loca
424 2031 469 2059 se
500 2032 604 2059 cava
633 2017 764 2059 terrai
795 2017 977 2059 coniecit
1007 2016 1155 2072 ibique
1640 2018 1722 2068 580

227 2085 453 2139 speluncas
483 2085 598 2127 inter
627 2100 805 2140 magnas
835 2085 980 2127 fremit
1011 2090 1112 2126 ante
1143 2085 1335 2127 tumultu

227 2153 574 2210 versabundaqae
604 2160 811 2210 portatur,
841 2160 939 2210 post
968 2154 1103 2196 incita
1132 2169 1230 2195 cum
1261 2154 1324 2195 vis

158 2298 221 2331 555
238 2299 327 2330 inter
341 2299 420 2330 dum
434 2298 539 2330 Lach.
557 2299 610 2331 for
626 2301 724 2331 inter.
771 2301 810 2330 in
827 2305 917 2332 terra
933 2299 1017 2332 Mar.
1038 2299 1113 2332 Ald.
1134 2300 1152 2330 1
1169 2299 1267 2331 Junt.
1285 2299 1375 2339 vulg.
1392 2298 1543 2340 perhaps
1558 2298 1697 2339 rightly.

159 2352 221 2385 563
250 2354 425 2384 Inclinata
450 2357 573 2384 tument
596 2353 662 2384 Ed.
687 2353 770 2384 with
802 2353 880 2386 Vat.
904 2352 990 2386 3276
1021 2353 1075 2385 for
1106 2354 1281 2385 Inclinata
1314 2354 1459 2385 minent:
1492 2353 1552 2385 the
1583 2359 1621 2385 tu
1651 2362 1721 2385 was

115 2406 279 2438 absorbed
294 2406 338 2447 by
353 2406 412 2438 the
425 2406 608 2447 preceding
625 2413 661 2438 ta
677 2407 747 2439 and
763 2407 847 2440 then
863 2412 950 2439 ment
966 2407 1088 2448 passed
1104 2407 1178 2438 into
1195 2409 1339 2438 minent:
1358 2406 1416 2438 the
1428 2406 1562 2438 Verona
1577 2407 1720 2447 palimp-

116 2463 184 2493 sest
200 2461 238 2493 of
250 2460 369 2493 Lucan
383 2471 406 2492 v
421 2461 484 2493 160
499 2461 563 2493 has
579 2463 839 2494 consultamultu
854 2463 907 2494 for
922 2463 1074 2494 consulta
1092 2463 1235 2493 tumultu
1249 2475 1256 2494 :
1280 2471 1390 2502 comp.
1409 2462 1492 2493 1195
1509 2466 1601 2493 tenta
1615 2463 1722 2493 mebat

115 2517 151 2548 of
172 2526 254 2549 mss,
274 2516 327 2549 for
350 2522 443 2549 tenta
467 2518 622 2555 tumebat,
639 2517 710 2549 and
732 2528 754 2549 v
777 2519 861 2551 1409
882 2528 1015 2549 servare
1035 2528 1137 2558 yenus
1159 2518 1212 2549 for
1231 2528 1363 2549 servare
1382 2527 1503 2549 recens.
1548 2518 1722 2549 Inclinata

113 2576 225 2603 meant
239 2570 346 2603 Lach.
392 2572 515 2603 abeunt
537 2571 639 2603 Bern.
685 2574 816 2604 minant
838 2572 930 2603 Flor.
954 2573 995 2603 31
1018 2572 1138 2604 Camb.
1157 2572 1243 2604 Mar.
1264 2572 1340 2603 Ald.
1360 2572 1378 2603 1
1394 2572 1513 2604 Junt.:
1537 2581 1592 2604 see
1615 2571 1719 2604 Prisc.

115 2625 197 2657 inst.
214 2635 278 2657 vm
294 2626 355 2658 29:
380 2625 397 2656 I
420 2625 571 2665 wrongly
593 2625 674 2657 read
696 2629 869 2658 minantur
891 2627 930 2657 in
954 2626 1056 2658 small
1079 2625 1131 2658 ed.
1177 2628 1303 2658 micant
1320 2626 1402 2657 Pius
1417 2626 1454 2657 in
1471 2628 1554 2659 text.
1599 2625 1721 2658 Lamb.

115 2680 244 2712 retains
265 2681 401 2713 minent.
450 2681 496 2712 At
527 2680 586 2712 the
618 2681 685 2713 end
707 2682 744 2713 of
774 2681 846 2713 this
868 2691 964 2713 verse
985 2681 1015 2713 A
1038 2681 1108 2713 and
1129 2681 1223 2713 Nice.
1246 2681 1334 2713 have
1357 2690 1385 2714 a.
1414 2691 1445 2713 a.
1470 2691 1500 2720 q.
1527 2691 1561 2721 q.
1605 2681 1634 2711 B
1657 2680 1721 2712 has

116 2744 235 2774 aqueq.
252 2733 364 2765 which
385 2734 488 2766 Bern.
505 2735 610 2775 praef.
630 2745 664 2775 p.
683 2745 726 2767 111
741 2735 863 2767 thinks
878 2745 898 2768 a
913 2745 1006 2767 mere
1022 2735 1206 2776 repetition
1221 2735 1259 2767 of
1273 2735 1332 2767 the
1347 2734 1415 2767 end
1429 2736 1466 2766 of
1480 2735 1554 2772 562,
1571 2735 1600 2766 Α
1614 2734 1721 2766 intro-

117 2787 243 2828 ducing
265 2797 287 2820 a
309 2787 443 2819 further
466 2789 687 2830 corruption:
713 2789 774 2821 but
797 2790 890 2822 Nice.
910 2799 1030 2830 proves
1052 2789 1130 2821 that
1154 2789 1214 2821 the
1237 2789 1420 2829 archetype
1440 2788 1563 2829 agreed
1583 2788 1665 2821 with
1679 2789 1720 2827 A,

117 2842 180 2873 not
195 2841 236 2872 B.
370 2842 434 2873 568
448 2844 551 2880 venti,
567 2844 620 2875 vis
635 2844 731 2875 nulla
748 2844 833 2876 Mar.
854 2843 952 2875 Wak.
971 2843 1023 2874 for
1038 2845 1145 2875 ventis
1160 2844 1268 2874 nulla.
1401 2843 1463 2876 574
1484 2844 1522 2874 in
1531 2843 1676 2883 pondere
1692 2843 1720 2873 A

115 2895 208 2928 Nice.
225 2895 317 2936 vulg.
334 2895 473 2937 rightly.
522 2898 561 2928 in
571 2898 723 2938 pondera
738 2897 768 2928 B
785 2897 935 2929 Turneb.
952 2897 1058 2930 Lach.
1108 2897 1182 2929 The
1202 2906 1363 2938 passages
1378 2897 1395 2928 I
1411 2899 1514 2936 quote
1534 2897 1571 2928 in
1586 2900 1686 2929 notes
1701 2898 1720 2928 2

115 2951 184 2982 will
198 2960 302 2992 prove
317 2950 395 2983 that
415 2951 564 2983 Turneb.
582 2951 652 2984 and
671 2951 776 2984 Lach.
794 2962 851 2984 are
871 2952 966 2993 quite
986 2952 1160 2984 mistaken
1181 2952 1219 2983 in
1241 2951 1430 2992 supposing
1451 2951 1529 2984 that
1548 2952 1609 2984 the
1630 2951 1716 2992 sing.
