1997 3267
919 193 960 234 V
1656 209 1736 250 227

263 305 308 341 et
338 315 413 342 cur
441 306 554 342 terra
584 307 713 356 queat
745 301 889 342 lunam
920 301 1100 356 spoliare
1132 301 1315 342 vicissim

264 367 424 409 lumine
455 373 499 409 et
529 383 777 423 oppressum
808 368 938 409 solem
969 383 1098 423 super
1127 368 1220 423 ipsa
1250 374 1407 418 tenere,

262 435 613 476 menstruadum
644 435 802 490 rigidas
832 435 926 475 coni
956 436 1192 490 perlabitur
1221 437 1415 488 umbras;

262 507 453 558 tempore
484 503 632 544 eodem
662 503 771 544 aliut
801 509 987 557 nequeat
1017 518 1259 545 succurrere
1290 504 1415 546 lunae
1655 509 1732 560 765

261 585 412 626 corpus
442 571 508 611 vel
539 585 665 626 supra
695 571 793 612 solis
822 571 1032 626 perlabier
1062 572 1217 621 orbem,

261 640 374 695 quod
403 639 541 681 radios
571 640 856 695 interrumpat
888 640 1117 696 lumenque
1149 642 1399 696 profusum?

262 714 306 751 et
337 715 481 751 tamen
512 709 606 764 ipsa
635 724 711 750 suo
742 709 778 750 si
809 709 947 765 fulget
978 709 1080 750 luna
1109 710 1258 759 nitore,

261 795 335 822 cur
364 785 549 835 nequeat
579 786 695 821 certa
725 780 875 821 mundi
907 780 1178 836 languescere
1210 786 1341 836 parte,

259 847 362 889 dum
395 848 484 889 loca
515 847 754 889 luminibus
780 848 960 903 propriis
991 848 1164 889 inimica
1193 863 1270 903 per
1299 849 1418 890 exit?
1653 861 1736 903 770

317 915 442 967 Quod
472 921 675 971 superest,
708 916 908 971 quoniam
940 917 1085 972 magni
1116 931 1191 972 per
1221 918 1391 959 caerula
1420 918 1570 959 mundi

248 989 343 1039 'qua
373 984 463 1025 fieri
495 984 698 1039 quicquid
728 990 870 1040 posset
900 985 1065 1026 ratione
1096 985 1259 1036 resolvi,

259 1053 357 1095 solis
387 1053 453 1095 uti
483 1053 618 1094 varios
650 1068 796 1095 cursus
827 1053 1037 1108 lunaeque
1068 1059 1235 1095 meatus

257 1137 425 1163 noscere
456 1137 673 1177 possemus
704 1136 812 1177 quae
844 1122 907 1163 vis
939 1128 983 1163 et
1013 1137 1139 1164 causa
1169 1123 1312 1173 cieret,
1650 1135 1727 1176 775

258 1205 394 1246 quove
427 1191 549 1232 modo
573 1197 741 1246 possent
772 1191 923 1232 offecto
954 1191 1115 1233 lumine
1147 1192 1262 1233 obire

257 1265 302 1301 et
332 1274 469 1315 neque
502 1259 716 1315 opinantis
746 1259 933 1302 tenebris
966 1260 1173 1302 obducere
1205 1266 1350 1311 terras,

255 1343 353 1369 curn
384 1328 506 1383 quasi
536 1328 735 1370 conivent
766 1334 810 1369 et
840 1334 988 1383 aperto
1019 1329 1179 1370 lumine
1210 1344 1377 1370 rursum

255 1396 398 1437 omnia
428 1396 652 1438 convisunt
682 1397 794 1438 clara
824 1397 914 1438 loca
943 1397 1123 1438 candida
1153 1398 1258 1447 luce,

255 1478 368 1505 nunc
397 1464 523 1505 redeo
553 1464 607 1505 ad
637 1464 788 1505 mundi
819 1466 1054 1506 novitatem
1087 1472 1131 1507 et
1163 1465 1306 1507 mollia
1336 1472 1472 1507 terrae
1650 1468 1732 1517 780

253 1548 365 1583 arva,
397 1548 504 1575 novo
536 1534 625 1575 fetu
658 1534 760 1589 quid
791 1534 978 1589 primum
1009 1535 1053 1575 in
1084 1535 1258 1576 luminis
1289 1550 1379 1576 oras

254 1601 402 1643 tollere
433 1606 477 1643 et
508 1602 681 1644 incertis
711 1603 868 1644 crerint
899 1604 1164 1645 committere
1196 1604 1344 1645 ventis.

311 1670 524 1725 Principio
553 1685 689 1726 genus
719 1671 947 1713 herbarum
978 1672 1242 1727 viridemque
1272 1672 1453 1712 nitorem

253 1743 368 1779 terra
397 1737 516 1779 dedit
546 1739 705 1780 circum
737 1740 854 1780 collis
885 1755 1139 1795 camposque
1170 1755 1245 1795 per
1276 1740 1424 1789 omnis,

253 1805 401 1846 florida
431 1805 643 1848 fulserunt
673 1807 876 1848 viridanti
907 1813 1030 1862 prata
1061 1808 1207 1857 colore,
1646 1810 1699 1859 78
1707 1817 1726 1860 5

253 1873 557 1929 arboribusque
588 1875 781 1916 datumst
812 1875 939 1916 variis
970 1875 1122 1917 exinde
1153 1890 1229 1931 per
1257 1890 1382 1916 auras

251 1943 466 1984 crescendi
496 1958 700 2000 magnum
732 1944 918 1985 inmissis
948 1950 1163 1985 certamen
1194 1943 1379 1985 habenis.

251 2017 302 2053 ut
332 2011 478 2066 pluma
508 2017 638 2067 atque
669 2012 747 2067 pili
776 2013 962 2067 primum
994 2019 1220 2068 saetaeque
1251 2018 1449 2053 creantur

251 2080 561 2135 quadripedum
593 2081 794 2122 membris
824 2086 869 2122 et
899 2096 1069 2136 corpore
1099 2081 1467 2136 pennipotentum,

251 2148 310 2190 sic
340 2163 449 2189 nova
479 2155 572 2190 tum
604 2149 733 2190 tellus
764 2150 915 2191 herbas
946 2150 1216 2206 virgultaque
1248 2150 1431 2204 primum
1644 2161 1728 2202 790

251 2218 438 2267 sustulit,
468 2218 567 2259 inde
599 2218 678 2259 loci
709 2219 904 2259 mortalia
934 2220 1069 2260 saecla
1099 2219 1258 2260 creavit

250 2286 388 2327 multa
418 2287 552 2328 modis
584 2287 732 2328 multis
763 2287 880 2328 varia
909 2288 1073 2329 ratione
1104 2293 1254 2329 coorta.

248 2368 348 2395 nam
380 2370 517 2410 neque
549 2355 601 2396 de
633 2355 747 2397 caelo
778 2356 977 2397 cecidisse
1008 2356 1209 2396 animalia
1238 2360 1415 2411 possunt

249 2437 327 2463 nec
356 2423 575 2464 terrestria
604 2423 658 2464 de
688 2424 807 2465 salsis
839 2424 973 2465 exisse
1005 2423 1176 2465 lacunis.

250 2490 459 2546 linquitur
489 2496 539 2532 ut
570 2491 722 2532 merito
752 2497 994 2532 maternum
1025 2506 1180 2532 nomen
1211 2491 1367 2546 adepta
1642 2500 1721 2543 795

248 2563 361 2599 terra
391 2559 457 2608 sit,
489 2573 511 2600 e
543 2565 656 2600 terra
686 2560 885 2614 quoniam
917 2564 1017 2600 sunt
1048 2566 1202 2600 cuncta
1232 2564 1384 2600 creata.

248 2627 469 2682 multaque
499 2643 613 2669 nunc
644 2628 775 2669 etiam
806 2628 999 2670 existunt
1029 2628 1232 2669 animalia
1262 2628 1385 2669 terris

177 2777 370 2817 768f1119et.
410 2778 517 2817 J'ulyit
532 2777 649 2809 Lamb.
669 2777 773 2810 Lach.
956 2778 1136 2810 771=7ss4.
1319 2779 1381 2812 776
1399 2783 1530 2818 possent
1551 2778 1657 2810 added
1680 2778 1724 2819 by

132 2831 222 2863 Brix.
271 2832 398 2863 soleant
420 2833 493 2871 (not
513 2833 660 2871 valeant)
683 2831 771 2863 Flor.
793 2831 833 2862 31
857 2831 971 2863 Camb.
995 2832 1078 2863 Mar.
1099 2831 1173 2864 Ald.
1195 2832 1212 2862 1
1230 2831 1325 2864 Junt.
1346 2833 1488 2872 Nauger.
1508 2832 1626 2865 Lamb.
1648 2832 1716 2865 Gif.

135 2886 260 2917 Creech
276 2886 373 2917 Wak.
517 2887 577 2919 782
593 2887 719 2917 Tollere
735 2891 767 2917 et
783 2886 884 2917 Pont.
903 2887 988 2917 Mar.
1002 2886 1076 2917 Ald.
1092 2887 1109 2916 1
1127 2886 1146 2916 J
1151 2888 1220 2918 unt.
1243 2886 1294 2917 for
1309 2887 1457 2918 Tolleret.
1507 2888 1630 2917 crerint
1641 2897 1722 2918 com-

130 2942 255 2972 mittere
278 2939 381 2972 Orelli
402 2939 461 2971 ecl.
480 2942 569 2980 poet.
586 2940 676 2977 Lat„
693 2939 830 2980 Madvig
851 2940 887 2971 in
909 2939 1123 2971 Henrichsen
1146 2939 1186 2970 de
1207 2940 1289 2979 frag.
1307 2940 1400 2971 Gott.
1422 2949 1455 2980 p.
1474 2939 1524 2978 36,
1549 2940 1653 2973 Lach.
1679 2940 1726 2971 all

1472 2996 1610 3034 15—2
