1997 3267
246 197 329 247 284
1033 190 1097 232 VI

355 302 539 357 denique
570 302 616 343 in
646 315 692 343 os
722 300 822 342 salsi
854 300 971 342 venit
1004 315 1127 342 umor
1158 315 1283 356 saepe
1316 300 1486 356 saporis,

356 387 452 414 cum
484 386 600 413 mare
631 385 851 412 versamur
881 376 1067 426 propter,
1098 369 1323 425 dilutaque
1355 376 1504 412 contra

240 453 327 495 934
356 455 453 482 cum
485 439 650 481 tuimur
680 438 849 480 misceri
880 438 1109 488 absinthia,
1142 439 1285 495 tangit
1316 453 1490 480 amaror.
1764 449 1850 493 930

357 521 492 563 usque
522 506 628 548 adeo
660 505 859 548 omnibus
890 505 945 547 ab
975 505 1104 547 rebus
1136 519 1203 546 res
1233 519 1429 561 quaeque
1461 505 1646 547 fluenter

241 587 327 628 930
358 576 493 617 fertur
523 581 568 617 et
599 575 643 616 in
676 580 852 616 cunctas
883 573 1124 615 dimittitur
1155 573 1346 629 undique
1377 573 1512 629 partis

357 659 434 686 nec
464 659 583 686 mora
613 657 691 685 nec
722 642 891 698 requies
922 642 1167 685 interdatur
1197 642 1286 684 ulla
1316 641 1491 692 fluendi,

359 719 566 770 perpetuo
597 712 798 769 quoniam
830 711 1056 762 sentimus,
1087 717 1132 753 et
1163 711 1307 753 omnia
1336 725 1505 767 semper

359 798 530 825 cernere
561 782 726 824 odorari
758 781 859 823 licet
890 787 935 823 et
966 781 1126 823 sentire
1158 795 1319 823 sonare.
1766 789 1848 834 935

245 852 331 903 936
421 852 550 894 Nunc
581 851 719 893 omnis
750 856 943 906 repetam
975 865 1106 906 quam
1137 864 1230 891 raro
1261 863 1434 905 corpore
1465 849 1552 891 sint
1582 863 1649 891 res

359 934 711 971 commemorare3
753 918 867 975 quod
898 919 943 960 in
976 919 1112 974 primo
1144 933 1314 974 quoque
1345 918 1532 961 carmine
1563 920 1705 963 claret.

360 991 520 1047 quippe
552 990 727 1039 etenim,
758 1004 1019 1046 quamquam
1052 989 1212 1030 multas
1243 988 1322 1029 hoc
1352 988 1543 1044 pertinet
1573 989 1628 1031 ad
1658 1003 1725 1031 res

361 1075 544 1111 noscere,
575 1074 673 1101 cum
706 1059 855 1115 primis
886 1058 997 1100 hanc
1027 1057 1081 1100 ad
1112 1072 1201 1100 rem
1232 1057 1429 1113 protinus
1458 1057 1606 1113 ipsam,

361 1144 446 1186 qua
475 1129 527 1172 de
558 1129 764 1171 disserere
795 1126 1031 1185 adgredior,
1062 1127 1230 1168 firmare
1262 1132 1475 1168 necessest
1767 1138 1855 1180 940

360 1199 421 1240 nil
453 1213 543 1240 esse
574 1198 620 1240 in
650 1203 854 1254 promptu
886 1196 970 1239 nisi
1002 1196 1189 1238 mixtum
1221 1210 1373 1252 corpus
1404 1195 1533 1238 inani.

361 1268 569 1324 principio
601 1266 651 1308 fit
682 1274 732 1308 ut
763 1266 808 1307 in
839 1265 1054 1321 speluncis
1085 1280 1186 1306 saxa
1218 1278 1402 1320 superne

361 1336 518 1379 sudent
548 1350 696 1378 umore
727 1341 772 1378 et
801 1335 943 1392 guttis
974 1333 1241 1375 manantibu’
1273 1333 1450 1376 stillent.

361 1411 509 1448 manat
539 1406 645 1447 item
677 1404 799 1446 nobis
831 1418 854 1445 e
886 1409 978 1445 toto
1010 1417 1181 1458 corpore
1213 1402 1352 1452 sudor,

361 1475 512 1517 crescit
542 1474 674 1517 barba
704 1474 867 1530 pilique
898 1488 975 1529 per
1005 1472 1148 1515 omnia
1180 1472 1382 1522 membra,
1413 1487 1490 1528 per
1519 1481 1650 1515 artus.
1768 1482 1850 1526 945

363 1545 527 1587 diditur
557 1546 602 1586 in
634 1559 763 1586 venas
795 1543 916 1586 cibus
947 1543 1097 1592 omnis,
1128 1548 1261 1600 auget
1291 1543 1453 1598 alitque

362 1615 544 1672 corporis
575 1620 788 1656 extremas
819 1627 988 1668 quoque
1018 1612 1154 1668 partis
1185 1612 1537 1668 unguiculosque.

364 1684 497 1740 frigus
527 1684 633 1726 item
665 1682 849 1725 transire
881 1697 958 1738 per
989 1696 1061 1723 aes
1091 1680 1364 1736 calidumque
1396 1695 1594 1736 vaporem

362 1753 586 1802 sentimus,
617 1751 828 1794 sentimus
858 1750 964 1793 item
996 1750 1178 1792 transire
1209 1764 1286 1806 per
1315 1765 1468 1792 aurum

362 1828 493 1878 atque
524 1836 601 1878 per
630 1827 871 1877 argentum,
904 1834 1003 1861 cum
1034 1818 1187 1874 pocula
1217 1818 1346 1874 plena
1377 1825 1585 1860 tenemus.
1770 1829 1857 1873 950

362 1889 547 1944 denique
579 1902 655 1943 per
685 1887 903 1942 dissaepta
934 1886 1157 1927 domorum
1189 1899 1317 1927 saxea
1347 1899 1469 1927 voces

362 1957 634 2014 pervolitant,
664 1961 889 2012 permanat
921 1955 1023 1997 odor
1053 1954 1272 2012 frigusque
1304 1969 1518 2011 vaposque

363 2027 486 2083 ignis,
517 2027 591 2082 qui
623 2026 722 2068 ferri
754 2039 922 2081 quoque
954 2025 1041 2066 vim
1072 2030 1298 2081 penetrare
1329 2025 1471 2067 sue'vit

363 2096 548 2151 denique
580 2109 665 2151 qua
695 2095 855 2135 circum
888 2093 1003 2136 Galli
1034 2093 1163 2135 lorica
1193 2100 1370 2135 coercet.

249 2168 334 2219 956
366 2172 422 2215 et,
453 2170 713 2220 tempestate
745 2164 790 2205 in
821 2169 936 2205 terra
967 2163 1166 2219 caeloque
1198 2169 1352 2213 coorta,
1769 2173 1852 2218 955

248 2245 328 2289 955
362 2233 557 2276 morbida
586 2233 735 2289 visque
766 2232 894 2274 simul
926 2247 1023 2274 cum
1055 2232 1320 2274 extrinsecus
1350 2231 1611 2283 insinuatur,

364 2303 410 2344 in
440 2302 606 2344 caelum
638 2306 859 2357 terrasque
890 2307 1080 2343 remotae
1111 2301 1207 2343 iura
1236 2301 1462 2349 facessunt,

249 2477 374 2517 giesser
388 2477 425 2508 in
441 2475 641 2515 Philologus
656 2484 693 2506 xv
709 2474 878 2516 supplem.
895 2474 924 2505 B
940 2484 973 2514 p.
995 2474 1085 2513 510.]
1305 2474 1368 2506 935
1384 2473 1487 2513 again
1503 2483 1570 2506 om.
1590 2473 1635 2514 by
1648 2473 1776 2507 Lach.:
1800 2483 1857 2507 see

250 2540 285 2561 1v
300 2531 372 2563 229.
552 2530 615 2561 937
631 2529 734 2560 claret
750 2528 841 2559 Flor.
859 2528 899 2559 31
917 2526 1032 2559 Camb.
1051 2526 1137 2559 Mar.
1157 2525 1211 2558 for
1226 2527 1327 2558 clare.
1508 2526 1571 2559 941
1586 2528 1726 2558 mixtam
1740 2537 1856 2569 corpus

250 2585 343 2616 Brix.
363 2585 437 2626 (not
453 2583 543 2617 Flor.
564 2583 618 2624 31)
636 2582 737 2615 Pont.
755 2582 841 2614 Mar.
859 2582 912 2613 for
927 2591 1041 2622 corpus
1057 2583 1206 2612 mixtum.
1448 2581 1512 2613 942
1526 2591 1664 2621 superne
1678 2581 1783 2615 Lach.
1802 2582 1857 2614 for

251 2650 404 2680 superna.
616 2637 680 2670 954
698 2638 792 2669 Galli
808 2636 915 2668 Lach.
932 2636 985 2668 for
1000 2637 1096 2668 caeli.
1145 2636 1210 2668 coli
1226 2635 1318 2667 Nice.
1366 2636 1443 2667 colli
1459 2635 1553 2667 Brix.
1571 2635 1648 2667 Ver.
1666 2635 1751 2669 Ven.
1767 2637 1855 2670 Mar.

253 2696 377 2725 Avanc.
394 2693 541 2733 Nauger.
559 2691 654 2724 Wak.
704 2701 821 2732 corpus
837 2690 924 2723 Mar.
941 2690 985 2722 al.
1001 2700 1064 2722 em.
1082 2690 1180 2722 Junt.
1197 2690 1316 2723 Lamb.
1336 2690 1386 2722 ed.
1409 2691 1427 2721 l
1444 2689 1513 2722 and
1528 2692 1559 2722 2.
1604 2693 1689 2723 corii
1703 2690 1793 2725 Flor.
1813 2693 1855 2724 31

255 2747 370 2779 Camb.
387 2747 407 2778 3
422 2746 498 2778 Vat.
518 2745 636 2777 Lamb.
654 2744 706 2776 ed.
724 2745 753 2777 3.
869 2745 932 2778 955
948 2744 1012 2777 956
1028 2744 1045 2775 I
1061 2743 1147 2775 have
1163 2744 1381 2785 transposed:
1406 2753 1516 2784 comp.
1534 2744 1619 2776 1098
1635 2744 1724 2777 foll.:
1747 2744 1855 2778 Lach.

254 2801 454 2842 awkwardly
469 2803 549 2841 puts
564 2799 592 2832 it
608 2800 695 2831 after
711 2799 773 2831 947
782 2807 790 2830 z
814 2798 914 2830 Bern.
935 2798 1037 2839 keeps
1052 2798 1080 2830 it
1095 2798 1132 2829 in
1147 2798 1194 2830 its
1209 2798 1304 2839 place
1321 2797 1389 2830 and
1405 2798 1503 2830 reads
1518 2800 1551 2830 Ε
1568 2804 1757 2839 tempestate
1772 2801 1850 2834 in...

254 2859 577 2887 coortast...remotas
593 2855 682 2885 iure:
706 2852 768 2884 but
783 2857 925 2884 remotae
940 2852 1065 2893 clearly
1079 2852 1218 2892 belongs
1233 2855 1269 2884 to
1286 2857 1485 2893 tempestate.
1584 2853 1647 2885 955
1664 2858 1854 2894 tempestate

256 2911 292 2939 in
312 2907 416 2939 Lach.
433 2908 486 2939 for
507 2910 739 2947 tempestatem.
786 2910 1164 2946 te11zpestate3...coortae
1186 2907 1313 2938 Avanc.
1335 2905 1490 2938 followed
1510 2905 1554 2946 by
1570 2905 1716 2947 Nauger.
1731 2907 1853 2939 Lamb.

257 2964 319 2993 etc.
443 2962 505 2994 957
522 2963 593 2992 inre
609 2960 638 2990 B
654 2959 787 2991 Vienna
802 2959 885 2999 frag.
906 2959 934 2989 A
953 2968 1038 2990 corr.
1055 2958 1144 2990 Flor.
1164 2960 1203 2990 31
1221 2959 1339 2991 Camb.
1357 2959 1404 2991 all
1419 2957 1497 2991 Vat.
1514 2959 1614 2991 Pont.
1659 2961 1699 2992 in
1712 2970 1747 2992 re
1759 2961 1853 2993 Nice.
