1997 3267
280 228 365 270 294
1037 214 1101 256 VI

420 325 620 369 exeibant
650 325 777 368 silvis.
839 325 1103 381 languebant
1134 325 1336 381 pleraque
1369 326 1515 368 morbo

419 401 464 438 et
493 394 795 436 moriebantur.
857 409 954 435 cum
986 394 1135 450 primis
1166 395 1251 436 fida
1281 410 1434 437 canum
1467 396 1530 437 vis

420 469 556 506 strata
586 464 666 505 viis
696 464 883 505 animam
914 464 1102 518 ponebat
1132 464 1178 505 in
1209 465 1407 506 omnibus
1438 479 1588 521 aegre3

419 533 702 588 extorquebat,
733 533 847 575 enim
879 533 1013 574 vitam
1044 533 1108 575 vis
1138 534 1332 576 morbida
1362 535 1575 577 membris.

420 601 690 656 [incomitata
719 600 812 655 rapi
843 601 1067 642 certabant
1098 601 1247 642 funera
1277 602 1428 655 vasta]
1768 610 1873 654 1225

419 684 498 711 nec
527 670 636 711 ratio
667 669 829 710 remedi
859 669 1095 710 communis
1126 675 1242 711 certa
1272 669 1480 722 dabatur3

420 753 519 779 nam
550 738 664 793 quod
693 738 751 779 ali
781 737 958 779 dederat
989 738 1132 779 vitalis
1162 738 1270 779 aeris
1300 753 1425 780 auras

421 808 587 850 volvere
618 808 663 848 in
693 822 763 849 ore
795 808 920 848 licere
952 815 997 848 et
1028 807 1134 848 caeli
1164 807 1327 862 templa
1357 807 1482 858 tueri,

422 876 499 918 hoc
530 876 625 918 aliis
656 883 748 918 erat
780 876 912 918 exitio
944 877 1166 932 letumque
1198 877 1387 932 parabat.

420 946 527 988 illud
557 946 602 989 in
633 947 699 988 his
728 945 856 988 rebus
887 946 1176 987 miserandum
1208 960 1464 1002 magnopere
1496 960 1632 987 unum
1769 956 1878 998 1230

419 1014 711 1056 aerumnabile
742 1019 845 1064 erat,
876 1014 990 1069 quod
1023 1014 1096 1055 ubi
1128 1028 1172 1055 se
1204 1015 1384 1069 quisque
1414 1013 1589 1055 videbat

420 1083 680 1139 implicitum
711 1083 868 1132 morbo,
901 1083 1029 1124 morti
1060 1083 1290 1124 damnatus
1320 1088 1370 1124 ut
1402 1092 1527 1133 esset,

420 1152 620 1194 deficiens
651 1152 794 1194 animo
825 1158 988 1193 maesto
1020 1167 1118 1193 cum
1149 1151 1272 1192 corde
1304 1151 1483 1200 iacebat,

420 1222 569 1264 funera
598 1228 842 1277 respectans
873 1223 1061 1263 animam
1092 1221 1323 1263 amittebat
1354 1221 1523 1263 ibidem.

421 1292 580 1348 quippe
612 1292 773 1334 etenim
804 1292 921 1333 nullo
952 1291 1175 1334 cessabant
1206 1298 1397 1347 tempore
1427 1290 1560 1346 apisci
1769 1299 1874 1344 1235

420 1376 472 1403 ex
502 1362 598 1403 aliis
628 1362 732 1403 alios
762 1362 877 1403 avidi
908 1362 1106 1417 contagia
1136 1361 1284 1410 morbi,

284 1440 386 1483 1245
422 1431 632 1487 lanigeras
663 1436 884 1486 tamquam
917 1431 1101 1486 pecudes
1133 1436 1176 1471 et
1207 1430 1363 1471 bucera
1393 1429 1540 1471 saecla.

284 1513 389 1554 1237
420 1501 551 1557 idque
582 1501 648 1542 vel
679 1500 724 1542 in
755 1500 903 1556 primis
934 1499 1183 1542 cumulabat
1214 1500 1361 1541 funere
1393 1500 1521 1540 funus

419 1585 519 1611 nam
550 1569 809 1625 quicumque
840 1583 937 1611 suos
969 1569 1215 1625 fugitabant
1247 1568 1381 1609 visere
1414 1568 1467 1609 ad
1499 1581 1658 1623 aegros,

421 1638 527 1680 vitai
556 1638 739 1679 nimium
771 1637 947 1692 cupidos
979 1637 1212 1691 mortisque
1244 1635 1439 1676 timentis
1769 1644 1879 1685 1240

286 1720 394 1761 1240
422 1707 626 1763 poenibat
657 1707 785 1762 paulo
816 1712 912 1761 post
943 1706 1061 1761 turpi
1093 1712 1228 1747 morte
1260 1705 1468 1759 malaque,

421 1776 620 1824 desertos
651 1775 741 1830 opis
772 1775 971 1830 expertis,
1003 1774 1168 1815 incuria
1199 1779 1400 1814 mactans.

422 1845 496 1900 qui
528 1845 698 1886 fuerant
729 1850 875 1885 autem
908 1851 1086 1898 praesto,
1119 1842 1370 1898 contagibus
1401 1841 1523 1883 ibant

422 1920 552 1969 atque
584 1914 738 1962 labore,
768 1913 905 1968 pudor
936 1927 1063 1968 quem
1095 1918 1190 1953 tum
1221 1910 1399 1967 cogebat
1430 1910 1547 1951 obire

422 1982 663 2037 blandaque
695 1982 898 2022 lassorum
930 1995 1009 2021 vox
1041 1979 1177 2021 mixta
1208 1993 1308 2020 voce
1338 1977 1563 2032 querellae.
1770 1987 1873 2030 1245

287 2053 395 2104 1246
423 2051 613 2108 optimus
643 2051 721 2092 hoc
752 2050 828 2091 leti
858 2065 993 2106 genus
1025 2064 1124 2105 ergo
1154 2048 1334 2104 quisque
1366 2047 1550 2089 subibat.

282 2274 411 2305 sedibus
426 2273 575 2305 Macrob.
593 2283 627 2304 VI
644 2274 664 2304 2
682 2273 732 2310 14,
750 2272 842 2304 Brix.
859 2273 961 2304 Pont.
978 2272 1073 2305 Junt.
1222 2271 1305 2303 1220
1321 2280 1378 2302 nec
1395 2270 1510 2301 tristia
1526 2267 1675 2300 Macrob.
1691 2267 1714 2299 l.
1730 2267 1766 2307 l.‚
1781 2267 1874 2301 Brix.

283 2328 381 2361 Pont.
402 2329 527 2360 Avanc.
544 2329 596 2359 101·
612 2331 733 2361 nectia.
780 2338 838 2359 nec
848 2329 958 2368 fortia
974 2327 1062 2360 Flor.
1084 2327 1123 2357 31
1142 2326 1259 2358 Camb.
1277 2327 1296 2356 2
1312 2325 1388 2358 Vat.
1414 2325 1498 2357 Mar.
1518 2324 1614 2355 Junt.
1659 2333 1717 2355 nec
1733 2324 1877 2356 noctibu'

284 2382 403 2416 Lamb.
451 2383 550 2414 Pont.
567 2392 729 2423 proposes
751 2382 822 2414 also
843 2383 1012 2421 ayrestia3
1037 2380 1105 2412 and
1127 2381 1211 2413 Mar.
1231 2380 1269 2411 in
1289 2389 1396 2419 marg.
1415 2378 1500 2410 Ven.
1517 2379 1652 2410 inertia.
1697 2388 1756 2409 ‘nec
1775 2380 1878 2410 nox‘ia

285 2435 331 2467 Is.
346 2436 444 2468 Voss.
460 2436 497 2467 in
513 2445 575 2468 ms.
596 2438 704 2472 notes,
721 2435 840 2468 Heins.
860 2435 897 2466 in
914 2445 976 2465 ms.
995 2437 1104 2472 notes,
1121 2434 1196 2465 who
1213 2434 1285 2465 also
1300 2442 1460 2474 proposes
1476 2442 1532 2463 nec
1549 2433 1683 2464 inertia.
1794 2433 1876 2464 1221

285 2491 454 2522 Exeibam
468 2490 573 2521 Lach.
591 2490 642 2521 for
657 2491 827 2521 Eaeicbant
841 2490 881 2526 A,
899 2490 1045 2520 Exibunt
1061 2489 1100 2528 Β,
1117 2490 1284 2520 Exiebant
1305 2487 1399 2518 Nice.
1489 2487 1572 2517 1225
1587 2485 1622 2517 in
1638 2496 1698 2526 my
1709 2486 1810 2518 small
1823 2487 1875 2519 ed.

285 2544 304 2575 I
318 2543 435 2583 placed
451 2543 565 2575 before
583 2543 665 2574 1235
678 2553 686 2575 2
711 2543 728 2574 Ι
744 2543 816 2575 still
831 2542 932 2575 think
953 2542 1030 2574 that
1051 2542 1109 2573 the
1129 2541 1235 2581 poet’s
1251 2540 1359 2572 words
1375 2539 1487 2571 would
1507 2539 1647 2580 thereby
1661 2539 1701 2571 be
1715 2539 1878 2572 rendered

285 2608 379 2630 more
394 2597 627 2634 consecutive3
651 2596 712 2628 but
727 2597 745 2627 I
760 2607 835 2628 now
851 2606 904 2628 see
921 2596 997 2627 that
1014 2597 1096 2627 1235
1113 2594 1236 2627 should
1257 2596 1318 2625 not
1339 2594 1379 2625 be
1400 2593 1538 2625 severed
1558 2593 1647 2625 from
1663 2594 1757 2634 1234,
1773 2594 1872 2628 Luer.

285 2652 412 2692 having
433 2650 737 2692 misapprehended
758 2660 777 2682 a
799 2653 957 2682 sentence
978 2650 1014 2681 of
1035 2648 1270 2689 Thucydides:
1294 2648 1312 2679 I
1331 2648 1417 2679 have
1438 2647 1607 2679 therefore
1626 2657 1703 2679 now
1716 2648 1777 2680 left
1793 2649 1877 2682 1225

286 2707 323 2738 in
338 2706 382 2738 its
396 2706 503 2746 place,
519 2715 558 2737 as
574 2715 619 2736 an
634 2704 811 2745 imperfect
832 2705 1002 2744 fragment
1017 2714 1024 2735 :
1049 2714 1104 2735 see
1125 2707 1223 2735 notes
1240 2705 1270 2735 2.
1406 2702 1489 2733 1234
1505 2703 1679 2733 amittebat
1693 2702 1722 2733 B
1737 2701 1875 2744 rightly.

287 2763 451 2794 imittebat
466 2761 506 2792 A.
551 2762 702 2791 mittebat
718 2759 812 2791 Nice.
827 2759 964 2791 whence
979 2760 1082 2790 much
1098 2769 1198 2790 error.
1376 2757 1459 2788 1235
1475 2758 1581 2797 apisci
1596 2756 1686 2788 Flor.
1703 2757 1743 2788 31
1760 2758 1877 2791 Camb.

288 2814 380 2846 Brix.
396 2814 494 2846 Pont.
513 2813 597 2846 Mar.
616 2813 668 2845 for
683 2814 815 2853 apiscit.
949 2814 1032 2845 1237
1052 2813 1162 2854 (1245)
1178 2810 1298 2851 placed
1317 2811 1397 2842 here
1413 2810 1457 2850 by
1472 2809 1585 2841 Bentl.
1605 2809 1692 2841 after
1707 2809 1875 2851 Thucyd:

290 2869 375 2900 Mar.
392 2869 487 2900 Junt.
502 2867 623 2900 Lamb.
639 2870 702 2899 etc.
718 2870 780 2908 put
794 2867 823 2899 it
838 2868 924 2899 after
941 2868 1023 2898 1242
1040 2867 1163 2907 (1241).
1376 2866 1459 2897 1239
1474 2866 1578 2896 visere
1593 2863 1683 2894 Flor.
1700 2865 1740 2894 31
1758 2864 1875 2897 Camb.

289 2924 341 2954 for
355 2928 471 2955 utsere.
651 2924 731 2953 1241
748 2924 911 2954 Poenibat
927 2921 1074 2953 Turneb.
1091 2931 1146 2961 ap.
1163 2920 1283 2952 Lamb.
1296 2921 1348 2951 101·
1364 2921 1526 2951 Poenibus
1542 2923 1579 2950 at
1595 2918 1661 2958 (i.e.
1674 2919 1808 2952 Poem‘b.
1827 2922 1876 2960 at)

289 2975 328 3012 B,
345 2975 507 3006 Poenibus
523 2980 555 3006 et
570 2975 598 3005 A
613 2975 706 3007 Nico.
722 2978 802 3007 eta:
827 2985 934 3015 comp.
955 2984 975 3005 v
992 2975 1086 3007 1071.
1306 2973 1389 3003 1242
1404 2973 1539 3004 incuria
1554 2971 1645 3002 Flor.
1661 2971 1714 3009 31,
1730 2971 1768 3003 in
1783 2973 1878 3004 curia
