1997 3267
618 638 669 687 T.
726 637 1031 687 LUCRETI
1092 637 1260 687 CARI

457 793 577 849 DE
657 794 984 850 RERUM
1066 792 1452 849 NATURA

703 985 876 1023 LIBER
915 985 1188 1031 QUARTUS

269 1217 398 1273 [Avia
429 1215 647 1259 Pieridum
680 1231 858 1273 peragro
890 1216 981 1259 loca
1011 1217 1170 1260 nullius
1201 1224 1304 1261 ante

267 1287 373 1329 trita
402 1287 500 1337 solo,
530 1287 651 1328 iuvat
684 1286 871 1343 integros
902 1287 1099 1330 accedere
1132 1288 1261 1330 fontis

267 1362 398 1411 atque
428 1356 612 1405 haurire,
641 1355 848 1411 iuvatque
880 1371 1008 1398 novos
1039 1357 1265 1413 decerpere
1296 1358 1419 1400 flores

268 1425 565 1481 insignemque
597 1439 691 1466 meo
723 1425 855 1480 capiti
886 1431 1031 1481 petere
1063 1426 1162 1467 inde
1194 1441 1391 1468 coronam

269 1494 383 1536 unde
414 1493 533 1550 prius
563 1494 672 1535 nulli
703 1495 885 1536 velarint
916 1501 1109 1550 tempora
1140 1510 1310 1547 musae;
1733 1507 1754 1550 5

269 1563 455 1620 primum
489 1563 601 1618 quod
633 1563 800 1619 magnis
830 1563 958 1605 doceo
990 1564 1042 1605 de
1073 1564 1199 1606 rebus
1231 1570 1275 1606 et
1306 1565 1411 1607 artis

269 1632 525 1689 religionum
557 1632 751 1674 animum
781 1633 903 1675 nodis
934 1633 1147 1674 exsolvere
1180 1648 1323 1690 pergo,

270 1701 425 1742 deinde
456 1700 568 1756 quod
600 1700 777 1742 obscura
808 1701 860 1742 de
891 1716 936 1742 re
967 1707 1056 1742 tam
1089 1701 1230 1743 lucida
1260 1717 1401 1758 pango

271 1768 470 1819 carmina,
502 1783 674 1810 musaeo
707 1769 957 1825 contingens
988 1775 1140 1811 cuncta
1173 1770 1326 1825 lepore.

273 1839 317 1881 id
349 1854 517 1894 quoque
548 1839 663 1880 enim
694 1853 779 1879 non
810 1839 864 1880 ab
895 1839 1014 1880 nulla
1045 1839 1209 1880 ratione
1241 1839 1435 1892 videtur3
1714 1845 1765 1876 10

273 1923 372 1950 nam
403 1908 539 1949 veluti
569 1908 714 1963 pueris
746 1908 963 1949 absinthia
993 1914 1134 1950 taetra
1165 1908 1388 1951 medentes

273 1993 371 2020 cum
403 1977 502 2018 dare
533 1983 753 2026 conantur,
784 1976 902 2032 prius
933 1992 1025 2018 oras
1055 1977 1208 2032 pocula
1238 1977 1395 2019 circum

273 2046 531 2100 contingunt
562 2045 701 2086 mellis
733 2045 848 2086 dulci
879 2046 1073 2101 flavoque
1104 2046 1279 2101 liquore,

273 2121 325 2156 ut
355 2129 584 2170 puerorum
615 2120 735 2155 aetas
765 2114 988 2169 inprovida
1020 2114 1266 2156 ludificetur

274 2183 489 2224 labrorum
521 2187 658 2232 tenus,
690 2183 855 2224 interea
885 2189 1083 2238 perpotet
1114 2198 1308 2225 amarum

275 2251 466 2294 absinthi
496 2251 669 2292 laticem
701 2251 966 2307 deceptaque
995 2267 1081 2293 non
1112 2252 1318 2307 capiatur,

275 2322 351 2364 Sed
380 2321 524 2377 potius
555 2321 633 2362 tali
663 2326 788 2376 pacto
819 2327 1008 2362 recreata
1038 2322 1235 2371 valescat,

275 2390 336 2432 sic
366 2405 442 2445 ego
473 2405 597 2439 nunc,
629 2390 831 2444 quoniam
862 2390 967 2432 haec
995 2390 1105 2431 ratio
1135 2390 1387 2445 plerumque
1418 2390 1589 2433 videtur

276 2458 439 2500 tristior
469 2473 558 2500 esse
590 2459 747 2514 quibus
777 2474 863 2500 non
894 2465 959 2501 est
989 2464 1184 2508 tractata,
1217 2465 1414 2515 retroque

276 2528 424 2583 volgus
455 2528 654 2569 abhorret
685 2528 739 2569 ab
771 2528 860 2578 hac,
891 2529 1008 2570 volui
1037 2529 1119 2570 tibi
1150 2529 1468 2585 suaviloquenti
1705 2541 1760 2572 20

277 2597 464 2639 carmine
495 2596 634 2638 Pierio
665 2597 874 2639 rationem
906 2612 1116 2653 exponere
1147 2604 1338 2639 nostram

206 2732 225 2764 7
249 2730 403 2761 animum.
452 2730 579 2760 animos
601 2729 759 2760 Lactant.
785 2739 798 2760 1
824 2730 884 2761 16:
914 2739 969 2761 see
993 2739 1005 2760 1
1034 2730 1108 2761 932.
1283 2731 1304 2761 8
1323 2739 1434 2770 panqo
1458 2729 1548 2760 Flor.
1576 2729 1615 2760 31
1642 2727 1761 2760 camb.

164 2787 183 2817 3
209 2785 287 2816 Vat.
313 2784 402 2824 vulg.
426 2784 480 2814 for
501 2785 634 2824 pando:
659 2794 695 2815 so
721 2793 734 2815 1
759 2785 832 2816 933.
1010 2785 1049 2815 11
1074 2785 1172 2817 Nam.
1220 2786 1268 2816 Ac
1295 2784 1436 2824 Quintil.
1463 2794 1505 2815 111
1533 2785 1551 2815 1
1577 2784 1598 2815 4
1628 2784 1762 2816 Nonius

163 2840 360 2880 Hieronym.
474 2838 513 2869 13
539 2839 755 2878 Continyunt.
800 2840 976 2879 Inspirant
991 2849 1029 2870 or
1044 2840 1230 2879 Asperqunt
1246 2839 1390 2879 Quintil.
1488 2839 1527 2870 17
1539 2843 1640 2878 pacto
1655 2838 1762 2870 Lach.

162 2895 215 2925 for
235 2898 362 2925 amoto:
388 2901 425 2923 so
447 2901 460 2922 1
481 2892 555 2924 942.
601 2902 622 2922 a
646 2896 736 2923 tactu
757 2892 849 2924 Nico.
872 2902 936 2924 one
953 2893 1028 2924 Vat.
1049 2893 1125 2924 Ver.
1142 2893 1226 2924 Ven.
1243 2893 1319 2924 ΑΜ.
1338 2894 1355 2924 1
1373 2894 1469 2924 Junt.
1487 2893 1584 2925 Wak.
1630 2899 1763 2926 attactu,

163 2948 254 2980 Flor.
271 2948 311 2979 31
335 2948 355 2978 3
380 2946 455 2978 Vat.
501 2948 641 2978 adtactu
669 2945 787 2978 Camb.
834 2951 926 2978 tactu
948 2947 1066 2978 Lamb.
1091 2946 1143 2978 ed.
1167 2948 1198 2980 3.
1240 2949 1337 2989 facto
1359 2947 1480 2980 Lamb.
1507 2947 1560 2979 ed.
1586 2948 1604 2978 1
1628 2948 1698 2980 and
1728 2949 1759 2988 2i
