1997 3267
888 166 952 208 IV
1646 185 1718 228 193

247 273 358 328 quod
390 272 563 328 petiere,
595 278 796 328 premunt
827 280 918 315 arte
950 273 1197 330 faciuntque
1228 276 1412 318 dolorem

245 341 428 396 corporis
458 348 502 383 et
532 341 682 382 dentes
713 341 902 383 inlidunt
932 356 1057 397 saepe
1089 342 1254 385 labellis
1616 353 1722 392 1080

245 411 470 466 osculaque
501 410 724 466 adfligunt,
756 410 857 465 quia
886 424 971 451 non
1002 416 1068 452 est
1099 425 1206 466 pura
1236 411 1431 468 voluptas

246 486 290 522 et
322 479 485 521 stimuli
516 479 698 520 subsunt
730 479 804 534 qui
835 479 1045 535 instigant
1077 479 1242 522 laedere
1273 481 1318 522 id
1347 481 1487 537 ipsum

246 547 542 603 quodcumque
575 553 652 596 est,
684 546 822 588 rabies
853 547 967 589 unde
998 547 1120 589 illaec
1149 548 1343 604 germina
1373 557 1562 606 surgunt.

245 616 319 657 sed
350 616 501 657 leviter
530 630 687 671 poenas
718 615 876 671 frangit
907 616 1053 657 Venus
1083 616 1196 658 inter
1225 632 1411 660 amorem

245 683 484 739 blandaque
514 683 699 725 refrenat
729 698 893 725 morsus
923 684 1115 725 admixta
1146 685 1353 740 voluptas.
1615 700 1628 728 Ι
1637 691 1714 740 085

243 766 429 807 namque
460 752 504 793 in
535 766 585 792 eo
615 766 710 807 spes
741 757 818 801 est,
848 752 962 793 unde
993 758 1059 794 est
1090 753 1249 795 ardoris
1280 755 1407 810 origo,

245 820 454 876 restingui
485 834 652 876 quoque
683 835 806 876 posse
836 820 891 862 ab
922 820 1069 862 eodem
1102 836 1272 877 corpore
1303 822 1527 866 flammam.

245 888 357 944 quod
388 889 479 930 fieri
510 895 657 930 contra
688 895 829 930 totum
860 895 1016 931 natura
1046 896 1284 946 repugnat;

246 973 416 1014 unaque
447 974 511 1000 res
542 959 646 1000 haec
677 964 753 1008 est,
785 958 906 1000 cuius
937 974 1065 1014 quom
1098 959 1282 1014 plurima
1312 960 1530 1011 habemus,

244 1033 339 1069 tum
372 1028 506 1084 magis
537 1028 719 1069 ardescit
750 1027 842 1069 dira
871 1028 1110 1084 cuppedine
1141 1035 1301 1084 pectus.
1615 1044 1721 1085 1090

246 1112 344 1138 nam
376 1096 495 1138 cibus
526 1102 657 1152 atque
690 1111 811 1138 umor
841 1097 1042 1138 membris
1073 1098 1314 1139 adsumitur
1344 1099 1488 1150 intus;

243 1180 353 1220 quae
384 1165 584 1221 quoniam
616 1170 752 1207 certas
782 1171 961 1221 possunt
992 1166 1182 1208 obsidere
1213 1167 1358 1222 partis,

245 1235 323 1275 hoc
353 1233 474 1276 facile
506 1234 702 1289 expletur
731 1234 907 1276 laticum
940 1235 1197 1291 frugumque
1227 1236 1392 1292 cupido.

244 1317 296 1344 ex
328 1301 512 1343 hominis
543 1317 640 1344 vero
671 1302 776 1344 facie
807 1303 1070 1358 pulchroque
1100 1303 1236 1345 colore

243 1369 303 1411 nil
334 1370 462 1411 datur
491 1369 536 1410 in
567 1384 718 1425 corpus
748 1375 917 1425 praeter
947 1370 1172 1412 simulacra
1204 1370 1430 1412 fruendum
1610 1384 1713 1426 1095
1765 1393 1774 1403 ·

243 1437 413 1488 tenvia;
452 1452 560 1493 quae
592 1443 720 1479 vento
750 1453 846 1493 spes
876 1444 1041 1494 raptast
1071 1453 1197 1494 saepe
1227 1438 1402 1480 misella.

243 1512 294 1547 ut
325 1506 469 1548 bibere
501 1507 544 1548 in
576 1507 734 1548 somnis
765 1507 914 1549 sitiens
946 1523 1074 1563 quom
1106 1508 1273 1563 quaerit
1304 1514 1349 1550 et
1379 1523 1500 1550 umor

241 1590 327 1617 non
357 1576 495 1626 datur,
526 1576 718 1618 ardorem
749 1576 823 1632 qui
854 1577 1055 1619 membris
1085 1577 1302 1632 stinguere
1333 1578 1476 1632 possit,

245 1646 317 1688 sed
349 1646 526 1687 laticum
558 1646 784 1687 simulacra
814 1645 927 1700 petit
958 1646 1198 1701 frustraque
1229 1646 1392 1688 laborat

243 1714 289 1756 in
319 1715 544 1770 medioque
575 1715 669 1756 sitit
701 1714 881 1756 torrenti
911 1714 1087 1755 flumine
1118 1719 1281 1769 potans,
1611 1728 1719 1759 1100

244 1781 302 1824 sic
334 1782 378 1823 in
408 1797 550 1823 amore
580 1782 728 1823 Venus
759 1781 995 1822 simulacris
1026 1781 1137 1823 ludit
1167 1781 1352 1823 amantis

243 1865 321 1891 nec
352 1850 505 1892 satiare
536 1856 700 1905 queunt
730 1850 960 1905 spectando
991 1865 1163 1906 corpora
1192 1865 1342 1900 coram,

243 1932 322 1959 nec
352 1918 549 1959 manibus
580 1918 807 1973 quicquam
839 1917 998 1959 teneris
1028 1918 1229 1961 abradere
1260 1918 1461 1960 membris

244 1991 422 2042 possunt
452 1992 643 2027 errantes
674 1985 826 2027 incerti
857 2001 1027 2041 corpore
1057 1992 1157 2028 toto.

245 2055 428 2110 denique
459 2069 556 2096 cum
587 2054 788 2096 membris
819 2054 996 2095 conlatis
1026 2055 1126 2096 flore
1158 2055 1358 2097 fruuntur
1613 2067 1713 2109 1105

130 2156 214 2188 1068
243 2157 340 2187 Ulcus
356 2156 385 2186 A
401 2165 481 2187 corr.
504 2156 555 2186 for
575 2157 683 2187 Vicus.
837 2155 919 2186 1081
945 2157 1109 2195 adfligunt
1124 2156 1153 2187 A
1169 2155 1261 2187 Nice.
1279 2155 1368 2189 Flor.
1388 2156 1428 2187 31
1446 2155 1562 2187 Camb.
1580 2156 1626 2188 all
1642 2157 1716 2188 Vat.

131 2210 223 2241 Mon.
240 2209 377 2250 rightly.
426 2211 578 2250 adfigyunt
594 2210 621 2240 B
638 2209 739 2241 Pont.
757 2209 825 2240 and
839 2209 877 2240 in
893 2219 997 2249 marg.
1021 2209 1106 2241 Mar.
1124 2209 1220 2241 Junt.
1237 2209 1356 2241 Lamb.
1374 2212 1437 2244 etc.
1635 2212 1718 2243 1083

131 2266 230 2296 illaec
252 2266 401 2303 yermina
423 2263 528 2296 Lach.
554 2264 640 2295 after
667 2273 687 2295 a
712 2263 821 2295 friend
845 2263 882 2295 of
906 2263 1024 2295 Lamb.
1052 2263 1104 2294 for
1127 2264 1207 2295 illae
1230 2265 1374 2295 cermina
1402 2264 1442 2306 (22)
1466 2265 1496 2296 A
1517 2274 1549 2304 p.
1569 2274 1614 2296 m.
1660 2267 1718 2297 ille

129 2319 278 2357 ¹qermz'ua
294 2318 335 2349 B.
380 2319 438 2349 ille
456 2319 535 2349 haec
551 2319 699 2357 germina
716 2317 747 2348 A
763 2327 847 2349 corr.
865 2317 978 2349 Nicc.:
1003 2326 1058 2348 see
1075 2317 1169 2350 1059.
1360 2318 1442 2349 1085
1457 2320 1602 2359 refrenat
1623 2319 1712 2351 Nice.

131 2372 183 2403 for
199 2373 327 2412 frenat.
472 2373 554 2404 1089
575 2374 668 2404 cuius
691 2383 794 2412 quom,
817 2373 899 2403 Tum
914 2371 979 2402 Ed.
996 2371 1049 2403 for
1064 2373 1158 2403 cuius
1175 2382 1282 2412 quam,
1302 2373 1394 2403 Tam.
1439 2375 1532 2404 euius
1549 2383 1611 2413 quo
1626 2384 1717 2413 maye

130 2425 235 2458 Lach.
285 2427 378 2457 cuius
394 2436 458 2466 quo
475 2427 594 2467 pluria
611 2426 696 2457 Mar.
713 2425 788 2457 Ald.
807 2426 824 2456 1
848 2426 943 2457 June.
990 2436 1088 2466 quam
1106 2426 1225 2466 pluria
1245 2425 1365 2458 Lamb.
1387 2428 1451 2458 etc.
1473 2426 1584 2458 which
1603 2427 1634 2458 is
1657 2430 1718 2459 not

130 2480 247 2512 Latin.
292 2480 375 2521 [But
391 2480 592 2520 comparing
609 2480 684 2512 Ter.
701 2480 815 2512 heaut.
836 2481 898 2512 997
915 2481 1002 2511 Nam
1018 2489 1118 2520 quam
1132 2482 1269 2511 maxime
1286 2481 1362 2511 huic
1378 2491 1466 2512 vana
1483 2481 1561 2512 haec
1576 2482 1718 2521 suspicio

131 2536 223 2574 Erit,
257 2539 324 2566 tam
343 2536 519 2575 facillume
545 2537 658 2576 patris
683 2545 801 2576 pacem
824 2536 861 2566 in
885 2536 968 2575 Zeyes
993 2535 1142 2575 conficiet
1164 2544 1242 2566 suas
1250 2546 1263 2573 ,·
1297 2535 1381 2566 Cato
1403 2544 1430 2566 r.
1454 2545 1480 2566 r.
1505 2536 1545 2567 85
1569 2537 1589 2568 9
1614 2537 1719 2576 Quam

127 2590 309 2629 plurimum
325 2590 419 2625 bibit,
438 2595 505 2620 tam
520 2590 661 2620 maxime
677 2590 753 2620 sitit
762 2601 775 2626 ;
800 2588 868 2620 and
889 2588 945 2620 old
964 2590 1043 2629 poet
1065 2587 1143 2629 (inc.
1161 2588 1227 2620 fab.
1247 2588 1308 2620 160
1324 2589 1436 2629 Ribb.)
1454 2598 1505 2629 ap.
1527 2588 1718 2628 Quintilian

132 2653 168 2674 IX
190 2645 209 2676 3
231 2644 270 2674 15
297 2644 402 2683 Quam
421 2645 525 2684 mayis
548 2654 705 2675 aerumna
726 2648 830 2683 αγρεε,
856 2648 922 2674 tam
942 2644 1047 2683 maqis
1067 2643 1112 2673 ad
1131 2644 1390 2684 maleficiendum
1410 2648 1518 2683 u7·9et;
1551 2643 1617 2674 and
1634 2643 1716 2675 Aen.

131 2706 182 2727 vn
198 2697 259 2729 787
277 2696 402 2736 quoted
417 2697 531 2728 there:
555 2696 704 2737 perhaps
721 2696 822 2728 Lucr.
840 2696 954 2727 mixed
969 2695 1027 2727 the
1048 2698 1113 2727 two
1132 2696 1384 2728 constructione
1405 2696 1471 2727 and
1489 2699 1590 2727 wrote
1607 2706 1644 2728 as
1664 2696 1718 2727 his

133 2761 215 2782 mss.
239 2751 323 2791 give.
373 2751 538 2791 Compare
560 2754 618 2783 too
640 2752 754 2783 Plaut.
779 2750 847 2782 aul.
872 2752 934 2783 229
961 2751 1065 2790 Quam
1091 2750 1135 2780 ad
1153 2751 1270 2790 probos
1291 2751 1544 2790 propinquitate
1562 2760 1718 2790 proxume

134 2811 163 2837 te
179 2807 385 2844 adfflnaeeris,
403 2807 485 2837 Tam
500 2810 711 2847 optumumst:
737 2806 806 2838 and
822 2815 875 2837 see
892 2804 1019 2845 Ussing
1035 2804 1155 2844 there]
1339 2804 1422 2837 1096
1442 2810 1571 2846 raptast
1586 2804 1650 2836 Ed.
1667 2805 1718 2837 for

132 2864 256 2900 raptat.
300 2865 400 2900 rapta
423 2864 471 2891 est
494 2859 570 2891 Vat.
594 2859 680 2892 3276
703 2859 803 2891 Pont.
829 2858 1004 2890 Candidus
1027 2859 1062 2889 at
1086 2857 1153 2889 end
1175 2857 1211 2889 of
1231 2858 1326 2889 Junt.
1349 2857 1447 2889 Wak.
1491 2863 1628 2890 mentem
1648 2869 1718 2899 spes

132 2917 246 2953 raptat
260 2912 363 2947 Laeh.
411 2918 548 2945 mentem
563 2924 617 2954 spe
630 2914 760 2945 lactant
776 2921 814 2944 or
829 2917 967 2953 captant
982 2911 1096 2944 Bentl.
1285 2912 1369 2945 1098
1391 2913 1538 2944 membris
1553 2914 1716 2954 stinguere

1468 2968 1605 3008 13—2
