1997 3267
264 190 344 241 248

264 2700 364 2728 terra.

1051 184 1092 226 V

376 297 555 340 collibus
586 303 631 340 et
661 297 824 353 campis
854 302 905 339 ut
936 297 1156 348 haberent,
1187 302 1319 352 atque
1349 295 1539 337 olearum

375 367 546 409 caerula
575 366 847 423 distinguens
877 366 992 408 inter
1022 367 1151 423 plaga
1180 380 1346 408 currere
1377 371 1522 421 posset

377 450 453 492 per
482 435 673 477 tumulos
705 440 750 477 et
780 435 987 477 convallis
1018 449 1273 491 camposque
1304 435 1502 491 profusa3

374 510 426 546 ut
455 519 570 546 nunc
601 520 692 547 esse
723 504 842 546 vides
873 504 990 546 vario
1020 504 1226 546 distincta
1257 504 1399 560 lepore

376 574 530 624 omnia,
564 589 672 630 quae
703 574 842 630 pomis
872 573 1071 615 intersita
1101 574 1299 616 dulcibus
1330 579 1484 616 ornant

375 643 648 699 arbustisque
681 648 832 684 tenent
864 642 1060 684 felicibus
1091 642 1232 698 opsita
1261 642 1434 686 circum.

434 713 494 754 At
525 712 710 768 liquidas
740 712 886 754 avium
917 726 1041 753 voces
1071 711 1281 753 imitarier
1310 726 1382 753 ore

375 786 478 823 ante
509 780 593 822 fuit
624 780 762 821 multo
794 793 923 835 quam
954 779 1066 820 levia
1096 779 1285 821 carmina
1314 784 1445 821 cantu

375 849 669 892 concelebrare
700 848 895 890 homines
926 853 1100 903 possent
1131 848 1332 904 aurisque
1363 848 1520 890 iuvare.

376 925 422 962 et
452 918 638 975 zephyri,
668 932 773 960 cava
802 932 878 973 per
909 917 1180 967 calamorum,
1211 917 1337 959 sibila
1367 917 1554 973 primum

375 989 558 1046 agrestis
588 988 770 1030 docuere
801 1001 925 1029 cavas
956 986 1105 1028 inflare
1138 987 1311 1028 cicutas.

376 1058 476 1100 inde
506 1057 757 1099 minutatim
790 1056 926 1098 dulcis
958 1055 1143 1097 didicere
1175 1055 1396 1111 querellas,

377 1128 485 1170 tibia
515 1142 623 1183 quas
654 1126 798 1168 fundit
828 1125 980 1182 digitis
1010 1125 1181 1181 pulsata
1212 1130 1457 1174 canentum,

377 1196 477 1238 avia
506 1211 582 1252 per
612 1209 786 1236 nemora
817 1208 866 1235 ac
897 1193 1025 1235 silvas
1056 1193 1276 1248 saltusque
1306 1199 1487 1248 reperta,

377 1280 453 1321 per
483 1265 575 1307 loca
604 1270 824 1321 pastorum
856 1263 1025 1305 deserta
1056 1268 1186 1318 atque
1219 1262 1308 1304 otia
1337 1261 1418 1304 dia.

377 1335 482 1377 haec
511 1333 676 1375 animos
707 1333 801 1375 ollis
832 1332 1080 1373 mulcebant
1110 1338 1241 1387 atque
1273 1330 1481 1372 iuvabant

376 1417 475 1445 cum
505 1402 660 1444 satiate
692 1400 802 1453 cibi;
844 1415 945 1442 nam
976 1406 1071 1441 tum
1103 1399 1201 1441 haec
1232 1405 1334 1441 sunt
1365 1399 1510 1440 omnia
1539 1397 1665 1440 cordi.

377 1485 502 1526 saepe
532 1470 680 1526 itaque
711 1470 825 1511 inter
855 1483 899 1511 se
930 1468 1132 1524 prostrati
1163 1468 1209 1509 in
1239 1468 1434 1525 gramine
1466 1467 1584 1509 molli

377 1546 551 1597 propter
581 1555 717 1595 aquae
748 1539 883 1581 rivom
915 1538 994 1580 sub
1026 1538 1155 1579 ramis
1186 1537 1346 1579 arboris
1377 1537 1490 1578 altae

377 1626 461 1652 non
490 1610 660 1667 magnis
691 1609 843 1665 opibus
873 1607 1059 1650 iucunde
1090 1622 1263 1663 corpora
1293 1606 1523 1657 habebant,

377 1679 627 1735 praesertim
661 1693 758 1720 cum
789 1683 1024 1732 tempestas
1054 1676 1222 1718 ridebat
1253 1681 1298 1718 et
1329 1676 1431 1717 anni

378 1755 573 1805 tempora
603 1747 842 1804 pingebant
872 1746 1098 1788 viridantis
1129 1745 1305 1787 floribus
1338 1745 1499 1787 herbas.

378 1824 474 1860 tum
504 1818 608 1868 ioca,
638 1823 734 1859 tum
766 1832 914 1867 sermo,
946 1822 1041 1858 tum
1073 1815 1218 1857 dulces
1249 1829 1341 1857 esse
1372 1814 1569 1856 cachinni

378 1892 642 1928 consuerant.
680 1886 862 1943 agrestis
893 1886 1008 1928 enim
1039 1891 1134 1927 tum
1166 1899 1290 1926 musa
1319 1884 1518 1941 vigebat3

377 1962 472 1998 tum
503 1961 634 2012 caput
665 1962 797 2011 atque
827 1970 997 1996 umeros
1028 1954 1166 2010 plexis
1196 1953 1398 1995 redimire
1430 1953 1594 1995 coronis

376 2025 552 2067 floribus
583 2031 627 2067 et
658 2025 770 2067 foliis
802 2024 976 2066 lascivia
1007 2024 1120 2065 laeta
1151 2023 1367 2072 monebat,

377 2099 509 2150 atque
540 2099 662 2136 extra
693 2108 920 2135 numerum
953 2092 1180 2149 procedere
1212 2091 1406 2133 membra
1435 2097 1657 2134 moventes

377 2162 544 2204 duriter
573 2167 618 2204 et
648 2162 754 2204 duro
785 2168 944 2204 terram
977 2161 1084 2217 pede
1114 2161 1273 2217 pellere
1304 2166 1512 2213 matrem;

377 2230 492 2272 unde
522 2231 770 2273 oriebantur
799 2231 909 2272 risus
939 2230 1169 2286 dulcesque
1200 2230 1409 2280 cachinni,

377 2300 521 2343 omnia
551 2301 664 2357 quod
695 2315 804 2342 nova
834 2306 930 2341 tum
962 2299 1099 2356 magis
1130 2299 1235 2341 haec
1265 2304 1310 2340 et
1341 2298 1450 2340 mira
1480 2297 1692 2354 vigebant.

377 2375 423 2412 et
452 2370 734 2426 vigilantibus
766 2370 865 2411 hinc
896 2370 1075 2412 aderant
1107 2369 1260 2411 solacia
1290 2369 1441 2419 somni,

378 2439 533 2481 ducere
564 2439 831 2481 multimodis
862 2454 984 2480 voces
1015 2444 1059 2480 et
1090 2438 1260 2480 flectere
1292 2443 1444 2480 cantus

378 2514 424 2552 et
453 2523 608 2565 supera
638 2509 821 2550 calamos
852 2523 961 2550 unco
992 2523 1236 2564 percurrere
1267 2507 1410 2560 labro;

496 2694 580 2725 1388
605 2692 819 2725 1389=1454
843 2693 937 2732 1455,
955 2692 1024 2724 and
1040 2702 1096 2724 are
1111 2692 1191 2724 here
1207 2692 1301 2732 quite
1316 2695 1377 2724 out
1393 2692 1429 2724 of
1448 2692 1555 2734 place.

1760 443 1865 488 1375

1761 780 1870 832 1380

1760 1126 1865 1178 1385

1760 1341 1870 1384 1390

1762 1687 1864 1732 1395

1760 2034 1870 2076 1400

1757 2379 1864 2434 1405

1689 2692 1772 2726 1391
1797 2698 1865 2727 tum

266 2749 344 2780 haec
365 2751 443 2779 sunt
465 2749 575 2778 omnia
597 2748 651 2778 ‘ut
674 2746 814 2786 quidam
835 2746 970 2786 legunt'
989 2756 1067 2786 says
1088 2746 1209 2777 Lamb.
1226 2746 1278 2777 for
1301 2751 1370 2777 tum
1390 2751 1466 2777 sunt
1487 2746 1616 2777 omnia:
1640 2753 1750 2787 comp.
1769 2746 1865 2780 1404.

267 2808 335 2835 tum
349 2806 426 2834 sunt
441 2803 592 2833 carmina
607 2801 708 2833 Lach.
730 2803 800 2832 otia
816 2801 936 2832 Faber.

267 2858 348 2889 loca.

266 2909 387 2940 Lamb.
411 2908 516 2940 Lach.
542 2908 595 2940 for
617 2910 744 2940 solacia
766 2919 886 2939 somno.

1099 2801 1182 2833 1397
1206 2802 1280 2832 ioca
1296 2800 1387 2831 Flor.
1405 2801 1446 2831 31
1463 2799 1547 2832 Mar.
1569 2798 1645 2831 Ald.
1663 2800 1681 2830 1
1697 2799 1795 2833 Junt.
1815 2800 1873 2833 for

481 2856 566 2887 1400
588 2857 737 2887 monebat
752 2855 842 2888 Flor.
864 2856 904 2886 31
921 2855 1004 2888 Mar.
1025 2855 1121 2887 Junt.
1142 2855 1194 2886 for
1214 2856 1371 2887 movebat.
1509 2855 1592 2886 1405
1615 2855 1742 2888 solacia
1764 2857 1870 2888 somni

934 2911 1089 2939 ‘secutus
1112 2917 1190 2939 sum
1213 2907 1364 2939 codicem
1389 2907 1615 2939 Vaticanum'
1641 2917 1719 2949 says
1742 2908 1862 2942 Lamb.

267 2964 321 2995 All
337 2962 395 2995 the
409 2972 492 2994 mss.
509 2965 546 2994 at
561 2965 698 3003 present
714 2963 750 2993 in
767 2963 826 2994 the
842 2962 987 2994 Vatican
1003 2962 1100 3001 have,
1121 2962 1137 2993 I
1159 2962 1297 3001 believe,
1316 2972 1444 2993 somno:
1469 2961 1531 2993 but
1552 2960 1653 3001 again
1675 2961 1744 2994 and
1764 2962 1864 3003 again
