1997 3267
304 229 388 279 246
1084 224 1124 266 V

413 348 511 375 cum
541 331 787 375 doctoribus
817 331 994 374 armatis
1024 333 1247 388 saevisque
1278 333 1495 389 magistris

412 401 488 458 qui
517 400 775 443 moderarier
805 400 872 442 his
901 406 1077 456 possent
1107 401 1345 457 vinclisque
1378 408 1536 454 tenere,

411 469 686 524 nequiquam,
716 468 919 524 quoniam
950 468 1167 523 permixta
1196 468 1325 511 caede
1356 470 1545 513 calentes

411 537 648 580 turbabant
678 537 794 578 saevi
825 536 944 578 nullo
974 536 1220 579 discrimine
1251 543 1428 589 turmas,

410 606 617 649 terrificas
648 606 837 662 capitum
869 606 1116 662 quatientes
1146 607 1338 663 undique
1370 609 1531 659 cristas,
1797 621 1900 666 1315

410 690 488 718 nec
518 680 719 731 poterant
749 675 918 732 equites
950 676 1125 718 fremitu
1156 677 1385 732 perterrita
1416 693 1622 733 equorum

410 750 583 801 pectora
612 744 800 786 mulcere
831 751 876 786 et
907 744 1037 786 frenis
1068 751 1315 787 convertere
1347 745 1393 787 in
1425 747 1569 789 hostis.

410 814 588 856 inritata
618 814 708 856 leae
740 814 955 857 iaciebant
985 829 1159 871 corpora
1189 816 1304 857 saltu

410 883 600 940 undique
631 890 677 926 et
706 884 933 926 adversum
965 884 1239 926 venientibus
1270 899 1344 927 ora
1375 885 1584 941 petebant

411 958 455 995 et
485 967 564 995 nec
594 952 811 1009 opinantis
841 968 867 994 a
898 959 1020 1010 tergo
1051 953 1324 1008 deripiebant
1794 969 1904 1010 1320

410 1022 700 1078 deplexaeque
731 1022 894 1064 dabant
926 1023 970 1064 in
1001 1028 1160 1064 terram
1192 1023 1363 1065 volnere
1395 1023 1541 1074 victos,

412 1090 621 1132 morsibus
650 1090 817 1132 adfixae
848 1090 1002 1133 validis
1032 1097 1163 1147 atque
1195 1091 1414 1148 unguibus
1444 1092 1576 1136 uncis.

409 1159 715 1216 iactabantque
745 1175 844 1201 suos
875 1160 990 1202 tauri
1019 1160 1287 1216 pedibusque
1319 1160 1518 1202 terebant

411 1235 455 1273 et
485 1230 621 1272 latera
650 1245 698 1272 ac
730 1237 901 1272 ventres
932 1230 1164 1271 hauribant
1195 1236 1345 1285 supter
1375 1245 1582 1285 equorum

410 1298 608 1340 cornibus
638 1303 684 1340 et
714 1304 872 1340 terram
904 1298 1127 1340 minitanti
1158 1298 1296 1340 fronte
1328 1299 1524 1340 mebant.
1793 1309 1897 1353 1325

409 1372 454 1410 et
484 1367 637 1409 validis
667 1367 799 1409 socios
830 1367 1066 1409 caedebant
1097 1367 1300 1409 dentibus
1329 1368 1422 1423 apri

409 1436 495 1478 tela
525 1436 707 1478 infracta
736 1451 814 1478 suo
845 1437 1095 1493 tinguentes
1126 1436 1336 1492 sanguine
1367 1436 1493 1487 saevi,

409 1504 456 1546 in
485 1519 530 1546 se
561 1505 695 1546 fracta
725 1519 803 1546 suo
834 1504 1085 1561 tinguentes
1116 1505 1326 1561 sanguine
1359 1505 1457 1555 tela,

409 1574 728 1631 permixtasque
760 1574 923 1616 dabant
954 1574 1151 1630 equiturn
1183 1573 1465 1630 peditumque
1496 1574 1650 1617 ruinas.

409 1660 509 1687 nam
539 1651 780 1687 transversa
811 1644 920 1686 feros
950 1643 1127 1685 exibant
1158 1643 1302 1684 dentis
1332 1643 1510 1685 adactus
1791 1656 1901 1698 1330

409 1713 603 1755 iumenta
633 1718 711 1754 aut
740 1712 923 1768 pedibus
953 1717 1103 1753 ventos
1134 1717 1276 1753 crecta
1306 1711 1524 1767 petebant,

409 1784 683 1839 nequiquam,
715 1783 917 1838 quoniam
949 1782 1004 1824 ab
1034 1781 1175 1824 nervis
1205 1781 1368 1823 succisa
1397 1781 1563 1823 videres

408 1851 627 1894 concidere
658 1858 789 1908 atque
819 1851 940 1908 gravi
971 1858 1130 1893 terram
1162 1857 1432 1892 consternere
1465 1865 1576 1892 casu.

408 1921 551 1976 siquos
582 1926 683 1962 ante
714 1919 830 1962 domi
861 1919 1046 1960 domitos
1077 1918 1181 1960 satis
1212 1933 1302 1960 esse
1335 1917 1562 1973 putabant,

409 1989 681 2031 effervescere
711 1988 944 2030 cernebant
975 1988 1021 2029 in
1050 1987 1178 2029 rebus
1209 1986 1392 2043 agundis
1793 1995 1897 2040 1335

410 2057 657 2099 volneribus
688 2057 869 2098 clamore
902 2056 1005 2112 fuga
1035 2061 1194 2097 terrore
1225 2055 1432 2105 tumultu,

408 2142 487 2168 nec
516 2132 717 2182 poterant
747 2126 881 2167 ullam
912 2130 1079 2181 partem
1110 2124 1341 2166 redducere
1372 2138 1542 2175 eorum;

408 2195 665 2252 diffugiebat
696 2194 812 2236 enim
842 2193 1009 2235 varium
1039 2207 1176 2249 genus
1207 2206 1332 2234 omne
1364 2191 1575 2242 ferarum;

407 2269 458 2306 ut
487 2279 602 2306 nunc
632 2278 757 2318 saepe
788 2262 918 2304 boves
948 2262 1068 2303 lucae
1099 2261 1208 2302 ferro
1238 2260 1350 2301 male
1380 2264 1546 2301 mactae

407 2332 655 2389 diffugiunt,
687 2332 775 2374 fera
806 2332 920 2373 facta
949 2330 1039 2372 suis
1069 2344 1167 2371 cum
1199 2328 1339 2370 multa
1369 2327 1535 2370 dedere.
1790 2339 1900 2382 1340

294 2511 412 2544 Lamb.
439 2511 567 2543 Creech
588 2511 688 2544 Wak.
718 2510 809 2551 vulg.
831 2510 944 2542 before
967 2508 1072 2542 Lach.
1254 2507 1336 2539 1311
1361 2507 1558 2540 doctoribus.
1608 2507 1796 2538 ductoribus
1818 2506 1898 2540 Ver·

294 2565 376 2597 Ven.
396 2566 480 2596 Mar.
497 2564 574 2596 Ald.
593 2565 611 2595 1
627 2565 726 2596 Junt.
744 2565 888 2603 Nauger.
906 2562 1027 2595 Lamb.
1047 2562 1110 2594 etc.
1299 2561 1381 2592 1315
1405 2559 1510 2592 Lach.
1528 2559 1651 2601 reiecta
1666 2569 1706 2592 as
1721 2559 1898 2601 epm-iona

295 2619 363 2652 and
377 2619 442 2650 Ed.
458 2618 495 2649 in
510 2618 561 2649 ed.
580 2619 608 2651 1.
757 2618 840 2650 1319
858 2618 1017 2658 petebant
1030 2616 1107 2648 Vat.
1125 2615 1188 2647 640
1204 2614 1326 2646 Urbin.
1344 2614 1437 2646 Mon.
1458 2614 1480 2645 J
1482 2615 1556 2645 unt.
1573 2613 1627 2646 for
1635 2615 1811 2655 patebant.

338 2673 422 2705 1320
444 2673 655 2713 deripiebant
677 2673 707 2703 A
729 2672 835 2704 Lach.
881 2671 1090 2711 diripiebant
1111 2669 1141 2700 B
1165 2669 1256 2700 Nice.
1282 2669 1374 2700 Flor.
1391 2669 1432 2699 31
1457 2667 1574 2701 (lamb.
1603 2667 1696 2701 Mon.
1716 2667 1763 2699 all
1784 2667 1899 2701 before

293 2728 398 2761 Lach.
531 2728 615 2758 1323
637 2737 721 2759 suos.
770 2737 843 2758 sues
861 2726 938 2757 Ver.
957 2725 1042 2756 Ven.
1059 2725 1184 2756 Avanc.
1205 2723 1327 2756 Lamb.
1344 2725 1408 2755 etc.
1553 2722 1637 2754 1325
1653 2724 1767 2764 fronte
1789 2722 1897 2755 Lach.

294 2784 346 2815 for
369 2788 472 2815 mente
495 2781 607 2814 which
629 2781 694 2813 has
717 2791 762 2813 no
785 2780 960 2820 meaning.
1005 2780 1050 2811 ad
1074 2784 1258 2819 terramque
1279 2779 1424 2810 minanti
1446 2782 1551 2809 mente
1570 2777 1654 2810 Mar.
1680 2776 1800 2810 Lamb.
1824 2777 1893 2811 Gis.

294 2837 420 2869 Creech
442 2838 503 2869 etc.
531 2835 600 2868 and
622 2835 693 2868 this
717 2835 891 2867 Candidus
914 2834 1087 2866 doubtless
1109 2836 1228 2865 meant
1252 2836 1287 2864 to
1310 2832 1402 2864 read.
1579 2832 1665 2865 1327
1689 2831 1774 2863 1328
1797 2831 1892 2866 Mon.

294 2889 392 2921 Junt.
408 2888 514 2920 Lach.
531 2887 602 2920 and
621 2887 684 2920 Ed.
703 2887 741 2918 in
762 2887 864 2918 small
885 2886 937 2918 ed.
958 2886 1044 2918 omit
1063 2885 1122 2917 the
1142 2885 1285 2922 second3
1308 2884 1428 2916 Lamb.
1451 2883 1504 2915 ed.
1521 2883 1540 2914 1
1564 2883 1707 2915 obelises
1725 2883 1787 2915 the
1806 2883 1892 2924 first,

295 2943 347 2975 ed.
366 2944 385 2974 2
402 2942 469 2975 and
485 2944 504 2974 3
521 2942 620 2974 both:
644 2942 707 2974 but
724 2951 778 2973 see
793 2944 893 2972 notes
909 2942 939 2973 2.
1125 2941 1209 2972 1330
1225 2941 1334 2971 dentis
1350 2940 1489 2970 adactus
1505 2937 1592 2969 Mar.
1608 2937 1705 2969 Junt.
1721 2937 1774 2969 for
1789 2939 1897 2970 dentis

294 2999 457 3030 adauctus
472 2997 512 3038 B,
527 2998 677 3028 dentibus
694 2997 856 3028 adauctus
871 2997 901 3027 A
916 2996 1008 3029 Nico.
1022 2995 1139 3029 Camb.
1188 2995 1341 3026 dentibus
1356 2995 1444 3026 ictus
1458 2992 1610 3026 Politian
1625 2991 1664 3025 in
1678 3001 1784 3033 marg.
1801 2991 1895 3026 Flor.
