1997 3267
218 215 296 256 104
986 203 1034 244 ΙΙ

327 310 493 366 legibus
524 310 651 359 hisce,
682 325 733 352 ea
762 325 829 352 res
859 310 969 352 ratio
999 309 1272 351 disterminat
1304 310 1451 353 omnis.

325 392 426 419 nam
456 378 593 419 veluti
623 383 716 420 tota
746 384 901 419 natura
932 377 1157 419 dissimiles
1188 382 1289 419 sunt
1723 389 1811 432 720

325 447 440 488 inter
468 462 514 489 se
542 447 715 504 genitae
745 462 811 489 res
842 461 1048 503 quaeque,
1078 447 1141 488 ita
1171 460 1385 502 quamque
1415 450 1634 488 necessest

327 513 524 555 dissimili
555 520 746 556 constare
777 514 915 571 figura
944 514 1276 570 principiorum3

325 598 410 624 non
441 598 523 638 quo
553 584 691 625 multa
721 598 872 639 parum
905 583 1033 624 simili
1063 583 1150 623 sint
1180 581 1376 637 praedita
1406 582 1550 632 forma,

327 650 400 692 sed
429 651 530 706 quia
560 666 645 693 non
675 652 798 707 volgo
829 651 948 707 paria
979 651 1176 692 omnibus
1207 650 1350 691 omnia
1381 654 1590 693 constant.

327 720 489 761 semina
519 735 615 761 cum
646 735 769 776 porro
800 720 975 770 distent,
1006 720 1177 761 differre
1208 723 1428 760 necessust
1718 727 1801 774 725

326 789 551 831 intervalla
580 789 669 831 vias
699 804 882 831 conexus
914 788 1101 844 pondera
1131 788 1279 844 plagas

327 872 553 899 concursus
582 863 736 907 motus,
772 872 880 913 quae
911 872 997 898 non
1027 856 1230 898 animalia
1261 856 1400 897 solum

327 941 498 982 corpora
527 927 772 983 seiungunt,
803 926 875 968 sed
907 931 1041 968 terras
1072 941 1120 968 ac
1150 939 1266 966 mare
1298 930 1439 966 totum

327 1000 553 1036 secernunt
583 994 832 1050 caelumque
863 1009 890 1035 a
919 993 1043 1035 terris
1074 1008 1198 1034 omne
1229 996 1459 1034 retentant.

386 1062 514 1104 Nunc
543 1078 622 1119 age
653 1063 768 1104 dicta
800 1077 893 1104 meo
924 1062 1039 1103 dulci
1069 1062 1262 1118 quaesita
1292 1062 1435 1105 labore
1726 1074 1813 1120 730

330 1131 511 1186 percipe,
541 1146 595 1173 ne
627 1131 735 1173 forte
765 1131 868 1173 haec
899 1131 1007 1173 albis
1039 1146 1090 1173 ex
1121 1132 1219 1173 alba
1248 1132 1379 1173 rearis

326 1201 545 1258 principiis
576 1215 677 1250 esse,
708 1207 808 1242 ante
839 1201 982 1242 oculos
1016 1215 1125 1256 quae
1157 1200 1341 1242 candida
1371 1200 1520 1252 cernis,

329 1276 406 1312 aut
437 1285 487 1311 ea
516 1284 624 1325 quae
655 1270 829 1325 nigrant
859 1270 982 1325 nigro
1012 1269 1065 1310 de
1097 1268 1260 1310 semine
1291 1274 1418 1320 nata3

329 1339 426 1381 nive
458 1339 590 1380 alium
621 1339 814 1394 quemvis
844 1354 952 1395 quae
984 1344 1086 1381 sunt
1117 1339 1271 1380 inbuta
1303 1339 1495 1389 colorem,

330 1414 553 1466 propterea
582 1423 728 1465 gerere
760 1408 873 1449 hunc
904 1408 1060 1457 credas,
1092 1407 1205 1462 quod
1236 1407 1432 1449 materiai
1728 1417 1810 1463 735

329 1492 501 1533 corpora
530 1477 739 1518 consimili
769 1477 856 1518 sint
887 1477 978 1518 eius
1009 1476 1146 1518 tincta
1176 1476 1321 1518 colore.

329 1547 473 1588 nullus
503 1546 617 1587 enim
648 1545 758 1587 color
790 1551 854 1587 est
886 1545 1059 1586 omnino
1092 1544 1288 1586 materiai

330 1615 582 1670 corporibus,
613 1629 752 1670 neque
782 1629 859 1670 par
888 1615 1014 1656 rebus
1046 1628 1185 1669 neque
1217 1613 1403 1668 denique
1433 1612 1587 1670 dispar.

330 1684 375 1726 in
405 1698 513 1739 quae
544 1698 715 1738 corpora
745 1682 781 1724 si
812 1683 955 1724 nullus
987 1682 1069 1724 tibi
1100 1682 1207 1723 forte
1239 1682 1410 1723 videtur

330 1765 450 1807 posse
480 1750 613 1792 animi
644 1750 826 1791 iniectus
859 1750 962 1799 fieri,
996 1750 1141 1805 procul
1171 1749 1292 1790 avius
1323 1764 1446 1791 erras.
1725 1761 1812 1805 740

331 1835 429 1862 nam
460 1835 558 1861 cum
589 1819 815 1876 caecigeni‚
846 1819 946 1860 solis
978 1819 1053 1874 qui
1086 1819 1250 1860 lumina
1280 1833 1519 1874 numquam

329 1889 561 1945 dispexere,
592 1894 738 1930 tamen
769 1895 1025 1944 cognoscant
1057 1903 1230 1944 corpora
1262 1894 1393 1938 tactu,

330 1973 382 2001 ex
413 1959 589 2000 ineunte
619 1973 723 1999 aevo
754 1958 871 1999 nullo
902 1958 1131 1999 coniuncta
1162 1958 1310 2007 colore,

329 2027 434 2069 scire
465 2027 565 2069 licet
594 2032 763 2068 nostrae
795 2042 962 2082 quoque
993 2027 1131 2068 menti
1161 2041 1334 2082 corpora
1364 2041 1486 2082 posse

330 2097 439 2139 vorti
469 2097 514 2138 in
544 2097 743 2138 notitiam
774 2097 892 2138 nullo
923 2097 1163 2138 circumlita
1193 2097 1299 2139 fuco.
1721 2105 1803 2152 745

217 2248 254 2278 in
266 2256 299 2277 se
314 2246 414 2278 Bern.
433 2246 544 2278 which
559 2247 576 2277 I
592 2246 687 2278 don’t
703 2247 927 2279 understand.
973 2249 1049 2279 inde
1068 2248 1216 2288 Brieger.
1338 2248 1401 2281 719
1417 2248 1559 2287 Leyibus
1578 2248 1630 2279 his
1646 2249 1810 2288 quaedam

219 2302 305 2332 ratio
326 2302 536 2332 disterminat
557 2303 660 2332 omnis
681 2311 760 2334 mss.
810 2304 921 2334 omnia
942 2302 1047 2333 Lach.
1064 2302 1153 2333 after
1174 2302 1194 2333 J
1198 2304 1272 2334 unt.
1290 2311 1328 2333 as
1344 2303 1380 2333 in
1398 2312 1411 2333 1
1429 2303 1513 2334 1106
1529 2302 1673 2334 without
1689 2302 1811 2334 autho-

216 2354 300 2394 rity:
324 2355 434 2385 omnia
454 2354 471 2384 Ι
493 2354 599 2386 doubt
619 2358 680 2386 not
697 2365 809 2386 comes
826 2356 914 2387 from
932 2356 1110 2394 Marullus,
1127 2365 1165 2387 as
1181 2356 1225 2387 he
1241 2366 1319 2387 uses
1335 2355 1362 2387 it
1378 2355 1415 2387 in
1430 2356 1490 2387 the
1506 2366 1600 2387 same
1615 2366 1687 2397 way
1702 2355 1739 2388 in
1755 2355 1811 2388 his

217 2408 324 2448 hymn
339 2409 374 2440 to
395 2408 493 2440 earth
513 2411 550 2439 at
570 2409 628 2440 the
648 2409 713 2440 end
729 2410 762 2440 of
785 2419 805 2441 a
822 2419 964 2449 passage
979 2410 1093 2451 partly
1109 2410 1235 2450 quoted
1250 2420 1283 2450 p.
1303 2411 1321 2442 7
1338 2410 1376 2441 in
1392 2409 1504 2441 which
1520 2410 1621 2441 Lucr.
1638 2409 1668 2441 is
1684 2409 1810 2450 closely

216 2462 389 2495 imitated:
414 2472 468 2494 see
491 2463 563 2494 also
585 2463 726 2503 reading
747 2464 782 2495 of
803 2464 901 2495 Junt.
923 2464 960 2495 in
981 2464 1063 2503 7493
1087 2464 1160 2504 [the
1182 2463 1255 2495 cod.
1279 2463 1405 2496 Victor.
1429 2474 1547 2504 proves
1568 2474 1626 2504 my
1640 2463 1811 2495 inferenoe
1868 2464 1872 2467 '

218 2520 252 2549 to
272 2517 313 2549 be
333 2519 460 2549 correct
479 2516 559 2548 here
581 2517 648 2548 and
664 2518 745 2550 749:
769 2517 936 2549 Marullus
952 2518 1036 2549 cites
1053 2517 1188 2557 Virgil's
1204 2519 1286 2558 quin
1297 2519 1452 2558 protinus
1473 2519 1584 2549 omnia
1599 2518 1810 2558 Perleqerent

218 2572 346 2611 oculis}
395 2572 481 2602 hisce
503 2571 614 2602 eadem
634 2581 661 2601 r.
683 2571 716 2601 d.
738 2581 828 2603 omne
847 2572 970 2604 Bern.:
994 2572 1055 2603 but
1077 2582 1166 2603 omne
1187 2572 1218 2602 is
1239 2571 1362 2611 hardly
1377 2571 1459 2603 thus
1479 2571 1578 2608 used;
1601 2571 1768 2603 therefore
1790 2571 1808 2603 Ι

218 2625 298 2657 read
321 2627 407 2657 hisee
430 2635 470 2657 ea
491 2635 541 2656 res
564 2635 592 2657 r.
619 2626 652 2656 d.
676 2627 799 2657 omnis:
831 2627 996 2667 quaedam
1017 2626 1081 2657 has
1104 2636 1148 2657 no
1171 2627 1344 2666 meaning.
1498 2627 1559 2659 721
1583 2628 1635 2657 ita
1657 2636 1811 2666 quemque

218 2681 315 2712 Junt.
338 2680 390 2712 for
412 2682 463 2712 ita
485 2690 630 2720 cumque.
782 2682 845 2714 724
868 2687 1017 2712 constant
1040 2681 1106 2712 Ed.
1151 2686 1297 2713 constent
1319 2681 1377 2712 AB
1400 2681 1490 2721 vulg.
1515 2680 1640 2713 Lach.:
1671 2690 1725 2712 see
1748 2681 1810 2712 337

219 2735 287 2766 and
303 2735 377 2767 694.
487 2734 550 2767 734
565 2735 702 2765 colorem
717 2734 808 2765 Nico.
825 2735 914 2775 vulg.
932 2735 984 2766 for
1000 2737 1120 2766 colore:
1144 2734 1264 2766 Lamb.
1283 2734 1350 2766 and
1365 2734 1470 2766 Lach.
1487 2733 1577 2774 deny
1592 2733 1669 2765 that
1685 2735 1812 2765 imbuta

220 2790 357 2820 colorem
379 2788 409 2819 is
431 2788 534 2820 Latin
543 2800 552 2827 ;
583 2787 643 2820 but
667 2797 720 2819 see
751 2791 850 2820 notes
880 2790 911 2820 2.
985 2789 1089 2820 Laeh.
1114 2789 1212 2820 reads
1238 2790 1326 2820 Nive
1346 2790 1453 2820 alium
1482 2790 1626 2828 quemvis
1649 2798 1711 2829 quo
1733 2794 1810 2820 sunt

218 2843 335 2873 inbuta
359 2843 473 2879 colore,
498 2844 580 2882 cet-3
603 2841 665 2873 but
688 2840 746 2872 the
769 2841 981 2873 nominative
1002 2852 1083 2882 quae
1107 2842 1136 2873 is
1163 2841 1353 2883 absolutely
1374 2841 1528 2881 required
1555 2841 1642 2873 here.
1688 2842 1812 2874 induta

219 2896 337 2928 Lamb.
357 2896 408 2927 for
430 2897 558 2927 inbuta.
690 2895 751 2928 741
768 2895 900 2927 lumina
915 2896 1004 2928 Flor.
1026 2896 1065 2927 31
1084 2895 1201 2927 Camb.
1218 2898 1280 2929 etc.
1300 2896 1353 2927 for
1368 2897 1514 2928 numina.
1655 2896 1716 2928 742
1733 2897 1811 2927 Dis-

217 2960 334 2990 pexere
358 2950 451 2980 Nicc.
475 2959 560 2980 corr.
583 2949 709 2981 Avanc.
733 2949 784 2980 for
806 2951 1001 2991 Despeoeere.
1047 2951 1209 2990 Aspexere
1232 2949 1329 2981 Junt.
1352 2948 1473 2980 Lamb.
1606 2949 1668 2982 743
1691 2949 1803 2982 Bentl.
