1997 3267
937 168 1008 209 111
1711 182 1781 222 151

304 289 403 316 nam
435 274 471 315 si
501 274 546 315 in
578 280 713 316 morte
744 274 949 315 malumst
981 274 1103 315 malis
1133 288 1360 329 morsuque
1394 275 1577 316 ferarum

305 344 491 393 tractari,
522 359 606 385 non
637 343 808 385 invenio
839 343 913 398 qui
944 357 1029 383 non
1060 343 1116 384 sit
1147 343 1347 384 acerbum

305 413 478 468 ignibus
508 412 744 467 inpositum
775 411 922 453 calidis
954 417 1183 453 torrescere
1215 412 1399 454 flammis
1705 417 1788 467 890

303 486 380 522 aut
410 481 455 522 in
487 481 611 522 melle
643 480 775 522 situm
806 480 1003 521 suffocari
1035 485 1165 534 atque
1198 479 1337 535 rigere

304 549 468 604 frigore,
501 564 597 590 cum
628 563 795 590 summo
825 547 957 604 gelidi
987 547 1117 589 cubat
1148 562 1329 603 aequore
1360 546 1461 597 saxi,

303 618 498 673 urgerive
530 632 711 672 superne
743 617 951 658 obtritum
984 616 1169 672 pondere
1201 623 1348 658 terrae.

362 687 479 727 ‘Iam
510 686 595 727 iam
627 701 712 727 non
742 686 893 727 domus
925 686 1106 740 accipiet
1138 692 1182 727 te
1215 686 1340 736 laeta,
1370 700 1509 742 neque
1541 700 1647 727 uxor

305 755 469 811 optima
497 770 576 797 nec
606 755 750 796 dulces
781 760 1002 796 occurrent
1034 755 1176 796 oscula
1206 754 1298 796 nati
1704 757 1781 808 895

303 824 543 880 praeripere
574 829 618 865 et
648 824 782 866 tacita
812 829 962 879 pectus
993 823 1217 865 dulcedine
1249 829 1442 880 tangent.

303 909 388 935 non
418 893 577 948 poteris
607 892 731 934 factis
761 892 1013 934 florentibus
1044 907 1145 942 esse,
1179 893 1351 948 tuisque

304 963 575 1019 praesidium.
618 962 771 1003 misero
803 961 966 1003 misere'
998 962 1121 1002 aiunt
1152 962 1318 1002 ‘omnia
1347 961 1509 1004 ademit

305 1048 391 1074 una
421 1032 512 1074 dies
542 1032 698 1073 infesta
730 1031 811 1073 tibi
842 1037 908 1073 tot
938 1031 1128 1087 praemia
1158 1031 1296 1073 vitae.²

304 1102 412 1144 illud
442 1102 487 1143 in
518 1102 583 1143 his
613 1102 740 1143 rebus
771 1116 855 1143 non
886 1101 1052 1143 addunt
1084 1107 1184 1142 ‘nec
1215 1101 1297 1142 tibi
1328 1116 1473 1142 earum
1703 1113 1787 1153 900

304 1171 389 1212 iam
421 1171 678 1212 desiderium
710 1186 852 1212 rerum
884 1186 1012 1226 super
1042 1171 1199 1212 insidet
1231 1171 1339 1213 una.'

304 1239 417 1295 quod
447 1239 555 1281 bene
586 1240 621 1281 si
652 1239 826 1281 videant
857 1240 1000 1281 animo
1030 1239 1241 1295 dictisque
1272 1245 1516 1295 sequantur,

303 1308 539 1350 dissoluant
570 1308 703 1349 animi
734 1323 890 1363 magno
920 1323 964 1350 se
995 1323 1151 1365 angore
1183 1314 1398 1364 metuque.
1423 1343 1429 1348 .

304 1382 377 1419 ‘tu
408 1378 582 1432 quidem
613 1383 664 1419 ut
695 1392 739 1419 es
770 1377 856 1418 leto
888 1377 1066 1432 sopitus,
1097 1378 1156 1419 sic
1188 1377 1269 1418 eris
1300 1377 1395 1418 aevi

304 1446 416 1502 quod
447 1451 641 1501 superest
671 1447 836 1488 cunctis
866 1446 1051 1502 privatu'
1080 1446 1295 1488 doloribus
1325 1444 1485 1502 aegris:
1702 1456 1781 1498 905

303 1520 350 1556 at
380 1529 456 1556 nos
486 1514 679 1555 horrifico
711 1514 969 1556 cinefactum
1002 1520 1046 1556 te
1076 1529 1207 1570 prope
1238 1514 1366 1556 busto

304 1583 609 1625 insatiabiliter
639 1583 902 1633 deflevimus,
934 1589 1244 1638 aeternumque

304 1652 422 1694 nulla
452 1652 543 1694 dies
573 1652 694 1693 nobis
726 1668 959 1694 maerorem
991 1668 1013 1694 e
1045 1657 1215 1708 pectore
1247 1651 1416 1694 demet.'

303 1720 413 1761 illud
442 1720 496 1762 ab
527 1720 605 1762 hoc
635 1721 770 1777 igitur
800 1721 1092 1776 quaerendum
1123 1726 1198 1770 est,
1230 1720 1333 1776 quid
1363 1720 1420 1761 sit
1451 1718 1583 1761 amari

305 1795 428 1831 tanto
458 1804 594 1844 opere,
625 1789 679 1831 ad
710 1804 907 1830 somnum
938 1790 975 1831 si
1004 1804 1071 1830 res
1100 1789 1212 1831 redit
1242 1795 1372 1844 atque
1402 1789 1602 1844 quietem,
1701 1800 1785 1841 910

304 1872 380 1899 cur
408 1857 634 1912 quisquam
665 1863 838 1898 aeterno
868 1857 1003 1912 possit
1034 1857 1250 1898 tabescere
1282 1857 1411 1898 luctu.

364 1926 458 1967 Hoc
489 1926 619 1968 etiam
652 1926 815 1968 faciunt
848 1926 922 1968 ubi
952 1926 1204 1968 discubuere
1234 1931 1470 1981 tenentque

305 1995 457 2050 pocula
486 2009 612 2050 saepe
643 1995 838 2036 homines
869 2002 913 2036 et
943 1994 1194 2036 inumbrant
1224 2009 1296 2036 ora
1326 1995 1499 2044 coronis,

306 2078 358 2105 ex
388 2063 530 2104 animo
560 2068 611 2104 ut
642 2064 787 2105 dicant
820 2063 980 2104 ‘brevis
1011 2063 1078 2104 hic
1109 2069 1174 2104 est
1205 2063 1369 2105 fructus
1399 2063 1622 2114 homullis3

305 2133 392 2174 iam
423 2133 553 2174 fuerit
581 2147 721 2188 neque
751 2138 847 2188 post
877 2147 1082 2187 umquam
1113 2147 1307 2174 revocare
1339 2132 1506 2174 licebit!
1700 2141 1781 2184 91¹3

306 2206 526 2256 tamquam
557 2201 603 2242 in
632 2206 770 2242 morte
802 2201 903 2241 mali
935 2216 1032 2242 cum
1063 2200 1212 2256 primis
1242 2200 1320 2242 hoc
1350 2200 1406 2242 sit
1437 2215 1594 2250 eorum,

306 2271 419 2327 quod
450 2270 544 2312 sitis
575 2276 726 2311 exurat
757 2269 929 2311 miseros
960 2275 1089 2325 atque
1120 2269 1238 2311 arida
1268 2274 1413 2319 torres,

306 2347 382 2383 aut
413 2341 522 2383 aliae
553 2341 674 2382 cuius
704 2340 963 2382 desiderium
994 2339 1177 2381 insideat
1207 2339 1278 2381 rei.

305 2426 385 2453 nec
415 2410 497 2452 sibi
527 2411 645 2452 enim
676 2410 902 2466 quisquam
933 2415 1028 2451 tum
1059 2424 1104 2451 se
1135 2409 1355 2465 vitamque
1385 2409 1578 2464 requirit,

238 2535 300 2568 893
323 2535 480 2566 obtritum
502 2533 602 2565 Pont.
625 2533 709 2565 Mar.
730 2533 806 2566 Ald.
832 2534 850 2565 1
874 2533 972 2564 Junt.
998 2533 1051 2564 for
1075 2534 1235 2564 obrutum.
1374 2533 1438 2565 894
1460 2534 1534 2564 Iam
1552 2533 1622 2563 iam
1633 2530 1723 2563 Flor.
1747 2532 1781 2562 31

192 2590 213 2620 4
229 2589 306 2620 Vat.
328 2587 434 2620 Lach.
480 2588 611 2619 Amiam
630 2587 659 2618 A
674 2586 768 2619 Nice.
817 2588 960 2618 Vimiam
979 2587 1019 2618 B.
1065 2589 1110 2618 At
1130 2587 1199 2617 iam
1219 2586 1317 2619 Pont.
1343 2586 1430 2618 Mar.
1451 2586 1527 2616 ΑΜ.
1546 2586 1563 2616 1
1580 2585 1675 2617 Junt.
1694 2584 1782 2625 vulg.

193 2645 238 2674 At
261 2644 330 2674 iam
351 2642 380 2673 is
396 2641 543 2681 perhaps
563 2640 667 2681 right.
799 2642 861 2674 897
881 2642 944 2673 898
966 2640 1088 2673 Lamb.
1110 2639 1174 2672 has
1195 2640 1358 2681 departed
1379 2639 1499 2680 widely
1514 2639 1602 2671 from
1623 2639 1680 2671 the
1702 2648 1782 2671 mss.

193 2696 337 2728 without
361 2706 428 2736 any
450 2705 562 2734 cause,
586 2695 725 2736 reading
750 2697 812 2727 tibi
837 2697 984 2736 fortibus
1008 2695 1060 2727 for
1077 2696 1285 2735 florentibus,
1312 2697 1411 2731 miser
1434 2704 1451 2725 o
1474 2695 1571 2725 miser
1593 2693 1646 2724 for
1671 2695 1787 2724 misero

195 2753 320 2783 misere.
462 2750 524 2783 902
547 2751 635 2790 quod
657 2749 748 2782 Nice.
777 2750 829 2781 for
855 2751 934 2789 Quo.
1080 2749 1265 2782 904—908:
1291 2750 1326 2780 to
1349 2748 1443 2780 these
1466 2757 1577 2779 verses
1598 2747 1700 2778 Bern.
1724 2747 1787 2778 has

189 2804 350 2845 *properly
364 2804 522 2837 attached
542 2804 601 2836 the
620 2804 717 2836 mark
739 2804 776 2835 of
797 2803 1012 2845 apostrophe.
1205 2804 1268 2836 914
1285 2805 1419 2844 fructus
1434 2802 1527 2834 Flor.
1545 2802 1585 2833 31
1602 2801 1719 2833 camb.
1737 2801 1787 2833 for

187 2860 323 2899 fluctus.
501 2858 564 2891 917
588 2862 689 2889 torres
703 2857 809 2890 Lach.
827 2858 879 2889 for
895 2862 996 2889 torret
1012 2857 1051 2895 A,
1069 2861 1175 2889 torrat
1190 2857 1219 2888 A
1235 2867 1320 2889 corr.
1337 2857 1365 2887 B
1382 2856 1474 2888 Nice.
1535 2861 1623 2887 terra
1639 2855 1729 2886 Flor.
1747 2856 1786 2886 31

196 2912 311 2945 Gamb.
338 2912 431 2944 Mon.
454 2911 575 2944 Lamb.
798 2912 860 2944 919
882 2912 1026 2952 requirit
1048 2911 1137 2943 Flor.
1164 2911 1205 2943 29
1228 2920 1312 2943 corr.
1338 2909 1533 2953 (Politian‘2)
1558 2909 1675 2941 Camb.
1700 2918 1782 2941 corr.
