1997 3267
978 185 1051 227 III
1754 201 1828 244 125

334 306 491 349 magno
522 306 650 348 opere
681 291 727 334 in
758 306 843 348 quo
874 292 935 333 mi
966 292 1125 334 diversi
1156 307 1295 335 errare
1326 294 1539 337 videntur.
1754 309 1827 351 105

334 375 460 417 saepe
492 361 653 417 itaque,
682 361 728 402 in
759 367 963 416 promptu
996 376 1148 418 corpus
1179 363 1294 418 quod
1325 365 1526 414 cernitur,
1557 374 1715 422 aegret,

334 443 433 470 cum
466 435 613 470 tamen
645 443 697 470 ex
728 428 813 470 alia
844 428 1057 470 laetamur
1087 435 1210 484 parte
1243 430 1422 482 latenti;

334 502 379 539 et
409 503 523 539 retro
554 498 605 539 fit
635 497 702 539 uti
733 502 882 538 contra
911 497 969 538 sit
1000 512 1126 553 saepe
1158 498 1358 547 vicissim,

332 581 430 608 oum
462 566 591 608 miser
621 581 672 608 ex
704 566 847 607 animo
873 566 1062 607 laetatur
1092 581 1264 622 corpore
1296 573 1411 618 toto;

333 651 418 677 non
449 636 532 677 alio
563 641 688 691 pacto
720 650 850 691 quam
882 635 930 685 si,
964 650 1039 691 pes
1070 650 1167 677 cum
1199 636 1317 678 dolet
1347 637 1475 693 aegri,
1749 651 1829 683 110

331 705 377 747 in
407 706 526 748 nullo
556 711 686 762 caput
717 705 884 747 interea
914 705 972 747 sit
1005 706 1112 748 forto
1143 706 1297 749 dolore.

331 782 554 832 praeterea
585 775 703 817 molli
734 790 832 817 cum
865 790 1012 817 somno
1043 775 1193 818 dedita
1224 776 1418 818 membra

331 846 603 902 effusumque
635 845 747 887 iacet
778 845 870 886 sine
902 859 1029 886 sensu
1062 859 1214 901 corpus
1246 845 1494 896 honustum,

331 920 397 958 est
427 915 546 957 aliud
578 920 724 956 tamen
756 914 798 955 in
832 913 956 955 nobis
987 914 1102 969 quod
1134 919 1328 970 tempore
1359 915 1405 957 in
1435 915 1509 957 illo

330 983 600 1027 multimodis
630 983 824 1039 agitatur
854 989 899 1024 et
930 983 1069 1024 omnis
1099 984 1257 1039 accipit
1288 984 1333 1026 in
1364 999 1408 1026 se
1750 996 1823 1039 115

331 1055 524 1098 laetitiae
557 1060 699 1095 motus
730 1060 775 1095 et
805 1068 928 1095 curas
959 1053 1096 1095 cordis
1126 1054 1278 1096 inanis.

328 1138 444 1167 nunc
475 1123 663 1165 animam
696 1137 865 1178 quoque
896 1127 948 1163 ut
979 1122 1024 1163 iu
1057 1123 1262 1164 membris
1295 1138 1546 1179 cognoscere
1578 1124 1712 1180 possis

330 1208 421 1236 esse
452 1207 593 1248 neque
625 1192 847 1233 harmonia
877 1207 1031 1248 corpus
1062 1193 1222 1235 sentire
1253 1193 1399 1243 solere,

328 1262 540 1320 principio
572 1262 623 1303 fit
655 1261 722 1303 uti
753 1261 947 1303 detracto
979 1276 1152 1317 corpore
1184 1262 1322 1304 multo

329 1346 455 1388 saepe
488 1336 635 1372 tamen
666 1330 790 1372 nobis
820 1330 865 1372 in
897 1330 1102 1372 membris
1134 1331 1225 1372 vita
1256 1337 1472 1383 moretur;
1748 1345 1827 1375 120

330 1407 462 1457 atque
493 1400 643 1442 eadem
676 1414 860 1449 rursum,
891 1414 990 1441 cum
1022 1414 1198 1455 corpora
1227 1414 1365 1456 pauca
1395 1400 1545 1443 caloris

327 1470 538 1526 diffugere
570 1469 766 1524 forasque
797 1484 873 1525 per
903 1484 949 1511 os
979 1475 1046 1511 est
1077 1469 1220 1511 editus
1250 1485 1334 1520 aer,

327 1539 487 1582 deserit
518 1538 736 1594 extemplo
766 1553 898 1580 venas
929 1544 1061 1594 atque
1093 1553 1188 1581 ossa
1218 1539 1449 1595 relinquit;

326 1623 500 1652 noscere
530 1613 582 1650 ut
612 1607 712 1650 hinc
743 1607 879 1663 possis
909 1622 996 1649 non
1027 1623 1186 1663 aequas
1217 1608 1361 1650 omnia
1391 1608 1529 1665 partis

328 1694 504 1736 corpora
533 1678 691 1720 habere
722 1693 862 1734 neque
895 1693 946 1720 ex
978 1692 1115 1734 aequo
1147 1678 1295 1719 fulcire
1327 1678 1524 1727 salutem,
1747 1690 1819 1732 125

327 1747 404 1790 sed
434 1747 572 1803 magis
603 1747 719 1797 haec,
750 1747 871 1788 venti
902 1761 1012 1802 quae
1043 1752 1146 1788 sunt
1177 1746 1390 1802 calidique
1421 1746 1589 1803 vaporis

326 1815 502 1865 semina,
535 1830 681 1857 curare
712 1814 759 1856 in
788 1814 993 1856 membris
1024 1820 1074 1856 ut
1105 1814 1197 1856 vita
1226 1820 1427 1857 moretur.

327 1890 394 1928 est
424 1883 560 1941 igitur
590 1883 702 1925 calor
731 1898 781 1925 ao
812 1888 968 1924 ventus
999 1882 1144 1924 vitalis
1173 1883 1220 1924 in
1250 1883 1342 1938 ipso

328 1968 500 2009 corpore
532 1952 607 2009 qui
636 1951 760 1994 nobis
790 1951 1068 1993 mon‘bundos
1098 1951 1258 1993 deserit
1288 1957 1418 1994 artus.

328 2028 590 2079 quapropter
621 2021 826 2078 quoniam
858 2026 924 2063 est
955 2021 1090 2062 animi
1119 2026 1276 2063 natura
1306 2025 1478 2077 reperta
1746 2033 1825 2074 130

328 2097 460 2148 atque
491 2091 661 2133 animae
693 2091 817 2147 quasi
847 2105 945 2146 pars
976 2090 1174 2140 hominis,
1205 2090 1335 2132 redde
1366 2090 1607 2132 harmoniai

325 2177 496 2212 nomen,
526 2162 581 2203 ad
612 2161 830 2216 organicos
861 2161 950 2202 alto
980 2160 1174 2202 delatum
1206 2160 1432 2212 Heliconi;

327 2232 416 2274 sive
447 2231 621 2273 aliunde
653 2230 736 2286 ipsi
767 2245 892 2287 porro
923 2235 1093 2272 traxere
1125 2235 1170 2272 et
1200 2230 1247 2272 in
1276 2230 1397 2272 illam

327 2301 657 2352 transtulerunt,
687 2301 860 2357 proprio
890 2315 1002 2356 quae
1032 2306 1129 2342 tum
1159 2314 1227 2342 res
1256 2300 1430 2343 nomine
1462 2301 1627 2358 egebat.

212 2474 306 2507 Nice.
323 2474 352 2506 B
368 2483 453 2506 corr.
474 2472 526 2504 for
541 2473 661 2504 taciat.
830 2471 892 2503 106
909 2475 1020 2511 aeyret
1036 2470 1141 2502 Laeh.
1158 2470 1248 2502 from
1265 2474 1273 2488 ‘
1285 2469 1532 2510 grammaticus
1546 2469 1822 2503 vindobonensis

211 2525 460 2558 Eichenfeldii’
491 2524 568 2556 who
600 2526 723 2564 quotes
752 2523 813 2555 the
842 2533 938 2555 verse
969 2533 1015 2554 on
1047 2524 1192 2555 account
1223 2523 1260 2554 of
1289 2523 1346 2554 the
1377 2522 1469 2554 word
1499 2527 1621 2562 aeqret.
1689 2533 1823 2562 aeyrum

209 2591 292 2613 mss.
339 2582 449 2620 aeyrit
463 2579 585 2611 Lamb.
603 2578 654 2610 ed.
672 2579 703 2612 3.
906 2579 969 2610 108
977 2580 1022 2620 fit
1039 2578 1091 2610 uti
1105 2578 1228 2610 Lamb.
1247 2578 1300 2609 for
1308 2579 1355 2619 fit
1370 2579 1437 2610 ubi.
1490 2577 1588 2609 ‘Itali
1596 2578 1643 2618 fit
1657 2578 1725 2609 uti'
1743 2587 1822 2618 says

210 2635 318 2669 Lach.
364 2634 471 2668 What
493 2634 599 2666 Itali?
624 2637 687 2666 not
711 2634 804 2666 Nico.
829 2644 893 2667 nor
915 2634 1007 2667 Flor.
1035 2635 1076 2666 31
1101 2633 1220 2665 Camb.
1245 2633 1321 2666 Ver.
1349 2634 1434 2665 Ven.
1458 2633 1560 2665 Pont.
1585 2633 1672 2664 Mar.
1697 2633 1774 2665 Ald.
1802 2634 1820 2665 1

210 2691 295 2723 Pius
316 2690 412 2722 Junt.
438 2689 515 2720 Ald.
539 2690 576 2720 2:
599 2688 646 2720 all
666 2689 704 2720 of
723 2688 837 2720 which
857 2689 875 2720 I
894 2689 983 2721 have
1003 2699 1080 2721 now
1095 2688 1210 2720 before
1231 2698 1286 2720 me
1307 2690 1427 2729 except
1447 2687 1542 2719 Nice.
1564 2687 1634 2719 and
1655 2687 1746 2720 Flor.
1767 2688 1820 2725 31,

211 2745 280 2777 and
303 2745 340 2777 of
360 2744 457 2776 these
480 2746 547 2776 two
570 2744 588 2775 I
609 2743 699 2776 have
721 2754 742 2776 a
765 2743 928 2777 collation
952 2744 990 2776 of
1009 2754 1068 2784 my
1090 2754 1177 2777 own.
1325 2744 1387 2775 118
1411 2753 1528 2784 corpus
1549 2744 1688 2774 senteire
1710 2742 1815 2776 Lach.

212 2800 302 2832 from
324 2809 345 2831 a
365 2798 454 2840 conj.
480 2798 518 2830 of
537 2798 636 2829 Wak.
653 2798 707 2830 for
729 2808 845 2840 corpus
869 2800 1021 2831 interire.
1069 2799 1277 2830 harmoniam
1299 2807 1415 2838 corpus
1438 2798 1582 2828 retinere
1605 2796 1691 2828 Mar.
1707 2796 1784 2827 ΑΜ.
1802 2798 1819 2828 1

211 2855 308 2888 Junt.
553 2854 615 2885 132
638 2853 669 2885 is
691 2853 768 2885 first
789 2853 920 2894 rightly
942 2853 1041 2894 given
1064 2853 1110 2894 by
1132 2853 1177 2886 Is.
1204 2853 1303 2884 Voss.
1327 2852 1365 2884 in
1387 2862 1451 2885 ms.
1486 2854 1598 2891 notes,
1625 2851 1672 2892 by
1695 2851 1822 2893 simply

209 2909 352 2949 reading
371 2910 442 2941 alto
463 2908 517 2940 for
539 2909 615 2940 altu
635 2907 673 2940 of
694 2907 765 2941 AB.
813 2907 844 2940 A
863 2918 950 2940 corr.
971 2907 1066 2939 Nice.
1089 2907 1158 2939 and
1173 2907 1220 2939 all
1235 2907 1306 2939 late
1321 2916 1404 2939 mss.
1423 2905 1506 2938 read
1521 2908 1564 2938 ab
1579 2908 1736 2946 organico
1751 2907 1820 2939 and

208 2965 295 2996 salto
315 2973 354 2995 or
376 2965 467 2995 saltu
483 2973 522 2995 or
543 2973 657 2995 sacro:
681 2962 789 2995 hence
812 2962 948 2995 endless
970 2962 1162 2995 confusion.
1210 2963 1252 2994 ab
1275 2963 1431 3002 organico
1451 2962 1760 2994 saltu...Heliconis
1782 2962 1819 2994 in
