1997 3267
179 204 193 232 1
203 193 257 242 84
930 184 993 225 IV

291 297 450 353 quippe
481 295 641 337 etenim
672 293 810 335 multo
842 292 978 348 magis
1008 292 1113 333 haec
1144 296 1245 332 sunt
1276 291 1422 332 tenvia
1451 295 1577 332 textu

291 380 419 420 quam
451 378 560 419 quae
590 361 835 418 percipiunt
866 361 1007 402 oculos
1038 359 1263 414 visumque
1294 359 1519 407 lacessunt,

289 432 472 488 corporis
502 431 608 473 haec
638 429 839 485 quoniam
871 433 1101 483 penetrant
1132 441 1207 481 per
1236 441 1329 467 rara
1359 426 1557 481 cientque
1685 436 1771 480 730

289 507 465 543 tenvem
495 499 629 541 animi
660 504 858 540 naturam
889 497 1007 538 intus
1039 510 1294 550 sensumque
1326 495 1549 537 lacessunt.

291 569 531 612 Centauros
561 568 708 623 itaque
739 572 783 608 et
814 566 1054 621 Scyllarum
1085 565 1276 606 membra
1308 563 1502 606 videmus

292 637 607 692 Cerbereasque
637 651 791 678 canum
823 634 950 676 facies
981 633 1291 688 simulacraque
1323 647 1468 674 eorum

292 722 471 763 quorum
504 712 640 747 morte
672 705 791 746 obita
821 704 950 746 tellus
981 702 1257 758 amplectitur
1287 716 1401 752 ossa;

292 791 415 818 omne
445 789 582 831 genus
613 774 815 830 quoniam
846 772 1004 827 passim
1036 771 1261 813 simulacra
1292 771 1499 819 feruntur,
1687 779 1767 824 735

292 843 450 900 partim
481 847 632 898 sponte
664 856 740 882 sua
771 855 881 896 quae
912 840 1023 881 fiunt
1054 854 1150 881 aere
1181 839 1227 879 in
1257 838 1360 893 ipso,

292 911 450 967 partim
482 925 591 966 quae
622 909 750 951 variis
780 909 834 950 ab
866 908 993 950 rebus
1024 921 1206 962 cumque
1236 906 1442 947 recedunt

294 987 337 1022 et
368 995 476 1036 quae
507 979 698 1021 confiunt
729 993 781 1020 ex
813 978 965 1018 horum
998 977 1111 1017 facta
1141 975 1297 1032 figuris.

294 1064 392 1090 nam
423 1055 536 1091 certe
568 1063 618 1090 ex
650 1048 747 1089 vivo
779 1045 985 1090 Centauri
1018 1061 1102 1086 non
1133 1045 1183 1086 fit
1212 1044 1365 1100 imago,

295 1117 413 1158 nulla
443 1117 526 1158 fuit
557 1115 759 1171 quoniam
791 1115 890 1156 talis
920 1119 1076 1155 natura
1106 1113 1358 1163 animanti&
1691 1122 1775 1164 740

294 1200 441 1227 verum
472 1185 547 1227 ubi
579 1185 679 1240 equi
709 1190 839 1239 atque
871 1183 1055 1224 hominis
1086 1197 1184 1224 casu
1216 1181 1414 1223 convenit
1445 1181 1597 1237 imago,

296 1254 504 1295 haerescit
535 1253 657 1294 facile
689 1252 918 1307 extemplo,
949 1251 1062 1306 quod
1093 1250 1280 1292 diximus
1310 1256 1423 1299 ante,

294 1328 468 1378 propter
497 1322 700 1364 subtilem
732 1328 932 1362 naturam
964 1327 1008 1362 et
1039 1320 1185 1361 tenvia
1216 1324 1346 1360 texta.

295 1397 436 1433 cetera
466 1391 519 1432 de
550 1405 705 1446 genere
738 1390 817 1431 hoc
848 1388 997 1430 eadem
1028 1388 1192 1429 ratione
1223 1392 1430 1428 creantur.

297 1474 405 1514 quae
436 1474 533 1500 cum
565 1458 782 1500 mobiliter
812 1472 979 1498 summa
1010 1456 1187 1498 levitate
1219 1456 1424 1504 feruntur,
1692 1464 1772 1508 745

295 1534 346 1569 ut
375 1527 493 1583 prius
524 1527 705 1577 ostendi,
740 1526 862 1568 facile
896 1541 979 1567 uno
1010 1530 1248 1567 commovet
1278 1525 1368 1566 ictu

297 1596 514 1652 quaelibet
545 1610 632 1636 una
661 1595 855 1636 animum
887 1594 1009 1635 nobis
1040 1593 1211 1635 subtilis
1241 1593 1406 1648 imag03

296 1664 436 1707 tenvis
467 1663 582 1705 enim
613 1678 733 1704 mens
764 1668 829 1704 est
861 1669 905 1703 et
936 1662 1042 1703 mire
1074 1662 1242 1702 mobilis
1272 1661 1373 1716 ipsa.

356 1733 476 1774 Haec
506 1732 599 1773 fieri
630 1737 680 1773 ut
711 1745 908 1780 memoro,
941 1730 1061 1771 facilc
1092 1730 1190 1771 hinc
1221 1744 1468 1785 cognoscere
1499 1729 1640 1784 possis.

299 1808 512 1857 quatenus
544 1802 622 1842 hoc
654 1801 791 1842 simile
824 1807 889 1841 est
920 1800 994 1847 illi,
1024 1799 1137 1853 quod
1168 1804 1312 1840 mente
1344 1799 1538 1840 Videmus
1692 1808 1777 1850 750

299 1877 429 1926 atque
461 1870 605 1919 oculis,
637 1869 767 1911 simili
797 1869 888 1911 fieri
919 1869 1084 1909 ratione
1114 1882 1284 1909 necesse
1316 1873 1390 1909 est.

298 1953 412 1980 nunc
443 1938 577 1994 igitur
607 1937 732 1979 docui
763 1938 963 1992 quoniam
995 1951 1063 1977 me
1095 1937 1201 1978 forte
1232 1936 1396 1977 leonem

299 2021 468 2048 cernere
500 2021 576 2061 per
605 2006 842 2054 simulacra,
872 2005 1013 2046 oculos
1043 2019 1335 2060 quaecumque
1366 2004 1587 2054 lacessunt,

300 2075 405 2116 scire
436 2074 536 2116 licet
567 2081 756 2115 mentem
788 2074 917 2115 simili
948 2073 1111 2114 ratione
1143 2072 1313 2122 moveri,

301 2156 377 2197 per
407 2142 632 2183 simulacra
663 2142 827 2182 leonem
859 2148 903 2182 et
934 2147 1075 2182 cetera
1106 2155 1213 2196 quae
1245 2140 1362 2182 videt
1393 2155 1527 2196 aeque
1693 2150 1773 2193 755

298 2225 378 2252 nec
409 2211 550 2252 minus
580 2217 710 2266 atque
742 2210 862 2259 oculi,
895 2210 977 2251 nisi
1009 2209 1121 2264 quod
1153 2224 1276 2265 mage
1307 2209 1456 2250 tenvia
1486 2209 1631 2250 cernit.

300 2293 378 2319 nec
408 2279 573 2320 ratione
603 2279 697 2328 alia,
728 2293 826 2320 cum
856 2293 1030 2320 somnus
1062 2278 1251 2319 membra
1282 2278 1482 2333 profudit,

187 2399 259 2430 illis
274 2398 302 2429 B
319 2407 404 2429 corr.
422 2398 474 2429 for
490 2400 572 2429 ilus:
590 2402 602 2429 ἶ)
620 2400 702 2430 ibus.
915 2400 976 2431 727
994 2400 1123 2429 brattea
1139 2399 1207 2437 AB,
1228 2401 1289 2429 not
1306 2399 1454 2429 bractea:
1481 2408 1517 2429 so
1532 2408 1614 2430 mss.
1631 2399 1668 2430 of
1682 2398 1772 2439 Virg.
1789 2430 1794 2433 ,

187 2453 271 2484 Α611.
287 2461 323 2483 VI
339 2453 411 2484 209.
547 2452 610 2485 730
621 2463 683 2492 per
696 2462 777 2484 rara
793 2453 879 2484 Mar.
897 2453 972 2483 Ald.
992 2454 1007 2482 1
1025 2453 1044 2483 J
1048 2455 1120 2485 unt.
1140 2453 1193 2484 for
1203 2463 1339 2493 peram.
1480 2454 1542 2486 735
1561 2454 1660 2486 Omne
1674 2464 1776 2493 yenus

189 2506 276 2537 Mar.
293 2506 388 2538 Junt.
408 2506 460 2537 for
477 2506 686 2545 Omniqenus.
735 2507 945 2546 Onmiyenum
964 2506 1054 2538 Nice.
1141 2525 1144 2528 ·
1202 2507 1264 2539 736
1272 2507 1364 2546 fiunt
1380 2506 1463 2539 Mar.
1485 2506 1559 2538 Ald.
1578 2508 1596 2537 1
1612 2507 1710 2539 Junt.
1727 2507 1780 2539 for

183 2561 276 2600 flunt
287 2559 327 2597 A,
339 2560 454 2598 fluunt
469 2558 499 2589 A
514 2568 597 2590 corr.
618 2559 657 2589 B.
773 2560 835 2592 740
851 2561 964 2591 anima
978 2559 1048 2596 AB,
1065 2562 1193 2591 animai
1209 2559 1302 2591 Nice.
1321 2560 1390 2591 and
1401 2559 1447 2591 all
1455 2545 1574 2591 ¹before
1590 2559 1657 2593 Gif.
1706 2562 1778 2592 ani-

188 2613 286 2644 malis
301 2612 420 2644 Lamb.
441 2611 493 2643 ed.
510 2613 529 2643 3
545 2612 635 2651 vulg.
652 2611 758 2643 Lach.
796 2614 977 2644 animantis
995 2612 1063 2643 Gis.
1081 2615 1171 2643 most
1186 2613 1355 2653 properly,
1374 2622 1412 2644 as
1427 2612 1527 2644 Luer.
1546 2612 1625 2644 does
1640 2615 1702 2645 not
1719 2622 1779 2646 use

189 2665 247 2697 the
269 2665 483 2698 substantive
504 2667 631 2697 animal
651 2666 687 2696 in
709 2665 766 2697 the
783 2666 947 2706 singular,
965 2669 1081 2707 except
1098 2676 1117 2697 v
1133 2668 1207 2704 823,
1223 2667 1332 2698 where
1349 2677 1437 2699 omne
1454 2668 1583 2699 animal
1597 2667 1628 2698 is
1642 2666 1776 2707 equiva-

191 2719 261 2750 lent
278 2722 313 2750 to
329 2722 439 2751 omnia
454 2720 637 2751 animalia:
661 2729 714 2751 see
729 2722 827 2752 notes
843 2722 862 2751 2
876 2720 980 2753 there.
1172 2722 1234 2754 741
1250 2723 1308 2753 ubi
1324 2724 1400 2762 equi
1417 2727 1516 2762 atque
1530 2722 1671 2753 hominis
1686 2731 1776 2753 casu.

189 2774 248 2804 ubi
269 2775 346 2814 equi
367 2783 446 2804 casu
466 2779 565 2814 atque
588 2775 727 2805 hominis
748 2774 852 2807 Lach.
874 2775 950 2807 who
971 2775 1086 2807 denies
1108 2775 1184 2808 that
1206 2776 1265 2807 the
1285 2776 1353 2807 last
1375 2776 1450 2816 syll.
1473 2776 1510 2807 of
1527 2785 1573 2807 an
1594 2775 1728 2808 iambus
1749 2775 1779 2807 is

189 2835 264 2858 ever
279 2826 389 2858 elided
403 2827 440 2858 in
454 2827 555 2858 Lucr.
732 2829 794 2860 752
811 2829 907 2860 docui
929 2831 1096 2869 quoniam.
1141 2831 1296 2869 quoniam
1312 2831 1407 2861 docui
1423 2829 1542 2861 Lamb.
1559 2829 1610 2860 ed.
1628 2830 1647 2860 2
1663 2829 1732 2860 and
1747 2830 1777 2868 3,

189 2882 253 2911 etc.
270 2880 339 2911 and
356 2880 459 2912 Lach.
549 2882 669 2912 leonem
684 2881 789 2912 Lach.
807 2881 859 2912 for
875 2883 1013 2913 leonum.
1060 2884 1163 2913 leones
1181 2883 1266 2913 Mar.
1283 2883 1358 2915 Ald.
1380 2884 1397 2913 1
1414 2883 1508 2915 Junt.
1529 2882 1618 2922 vulg.
1716 2884 1778 2916 755

194 2936 315 2966 leonem
339 2940 370 2966 et
391 2941 499 2966 cetera
519 2935 625 2966 Lach.
642 2935 696 2966 for
717 2938 844 2968 leonum
859 2942 986 2969 cetera:
1011 2942 1041 2968 et
1057 2948 1125 2968 was
1141 2938 1278 2977 already
1295 2937 1405 2969 added
1421 2937 1464 2977 by
1481 2937 1564 2969 Mar.
1581 2937 1656 2968 Ald.
1675 2939 1693 2968 1
1709 2938 1778 2970 and
