1997 3267
903 195 950 236 Π
1675 209 1729 252 93

237 312 314 347 aut
346 306 468 347 foeda
498 307 637 362 specie
668 307 757 348 diri
787 313 1021 363 turpesque
1055 309 1264 352 videntur.

237 375 375 416 omnis
405 375 531 424 enim,
562 390 710 417 sensus
742 391 850 431 quae
882 377 1043 419 mulcet
1075 393 1268 435 cumque,
1293 379 1441 435 flgyura

238 443 345 485 haut
376 443 466 485 sine
497 444 739 499 principiali
771 444 915 500 aliquo
947 446 1086 488 levore
1119 453 1328 498 creatast;

238 518 284 553 at
315 517 462 553 contra
491 527 785 567 quaecumque
818 513 998 555 molesta
1030 520 1162 570 atque
1192 530 1343 571 aspera
1373 521 1553 564 constat,

237 595 322 621 non
353 580 495 635 aliquo
526 580 616 622 sine
648 580 853 622 materiae
885 583 1081 637 squalore
1113 589 1337 639 repertast.
1643 595 1725 639 425

238 654 339 690 sunt
371 649 502 690 etiam
534 663 642 703 quae
674 648 759 689 iam
792 664 869 691 nec
901 651 1012 692 levia
1042 651 1134 693 iure
1166 657 1380 708 putantur

239 731 330 758 esse
360 731 499 771 neque
531 716 703 757 omnino
734 716 856 758 flexis
887 719 1162 761 mucronibus
1193 735 1314 770 unca,

238 784 312 826 sed
344 784 480 841 magis
511 784 690 840 angellis
722 786 909 841 paulum·
931 788 1235 842 prostantibUS‚
1268 789 1387 845 utqui

239 853 417 894 titillare
449 852 585 909 magis
616 868 765 895 sensus
797 869 926 909 quam
960 856 1126 898 laedere
1157 857 1347 912 possint3

239 921 404 962 faecula
433 921 519 963 iam
551 936 635 976 quo
666 922 719 963 de
750 937 906 978 genere
938 930 1004 965 est
1035 924 1264 981 inulaeque
1295 940 1475 980 sapores,
1644 937 1731 979 430

238 991 424 1046 denique
454 991 539 1032 iam
571 990 728 1032 calidos
759 992 872 1047 ignis
902 993 1175 1049 gelidamque
1205 994 1404 1050 pruinam

238 1059 436 1101 dissimili
466 1060 646 1101 dentata
676 1061 801 1102 modo
832 1076 1105 1119 conpungere
1136 1078 1286 1105 sensus

239 1130 434 1185 corporis,
465 1130 621 1172 indicio
654 1131 775 1172 nobis
807 1137 872 1173 est
905 1137 1049 1173 tactus
1079 1138 1272 1188 uterque.

238 1203 382 1240 tactus
413 1198 539 1248 enim,
571 1205 725 1249 tactus,
758 1214 834 1255 pro
865 1200 1014 1242 divum
1046 1201 1227 1243 numina
1257 1207 1416 1251 sancta,

238 1267 421 1322 corporis
453 1272 518 1308 est
549 1282 709 1317 sensus,
742 1269 808 1310 vel
841 1283 939 1310 cum
970 1284 1036 1311 res
1068 1275 1216 1312 extera
1245 1284 1336 1311 sese
1645 1281 1726 1323 435

238 1334 442 1385 insinuat,
474 1336 540 1377 vel
572 1351 670 1377 cum
703 1337 836 1378 laedit
869 1352 978 1392 quae
1010 1337 1055 1379 in
1087 1353 1258 1393 corpore
1292 1343 1436 1380 natast

238 1408 316 1445 aut
346 1403 468 1445 iuvat
500 1405 720 1460 egrediens
749 1405 952 1461 genitalis
984 1421 1060 1462 per
1091 1406 1270 1449 Veneris
1300 1421 1379 1456 res,

239 1478 316 1514 aut
348 1488 399 1514 ex
431 1474 594 1515 offensu
626 1489 724 1515 cum
756 1475 936 1516 turbant
967 1490 1138 1530 corpore
1169 1475 1214 1517 in
1246 1476 1337 1531 ipso

239 1541 405 1583 semina
435 1543 782 1598 confunduntque
812 1543 927 1585 inter
956 1558 1001 1585 se
1033 1544 1199 1586 concita
1228 1559 1426 1596 sensum3

239 1615 290 1651 ut
320 1610 357 1652 si
388 1610 495 1652 forte
527 1626 658 1652 manu
691 1611 887 1667 quamvis
917 1611 1003 1653 iam
1036 1612 1219 1667 corporis
1250 1611 1342 1668 ipse
1645 1624 1733 1664 440

240 1683 338 1720 tute
369 1668 451 1720 tibi
482 1685 651 1735 partem
684 1680 810 1722 ferias
841 1686 973 1736 atque
1005 1681 1235 1736 experiare.

241 1754 502 1804 quapropter
532 1749 657 1805 longe
691 1750 846 1791 formas
876 1749 1036 1790 distare
1067 1755 1282 1791 necessest

241 1817 473 1873 principiis,
504 1818 643 1859 varios
675 1833 783 1874 quae
815 1819 979 1874 possint
1011 1818 1136 1860 edere
1168 1833 1328 1860 sensus.

301 1885 500 1941 Denique
531 1901 641 1941 quae
672 1886 794 1928 nobis
825 1887 980 1928 durata
1011 1901 1059 1927 ac
1090 1886 1224 1942 spissa
1255 1886 1468 1936 videntur,

242 1953 346 1995 haec
378 1954 515 2010 magis
546 1954 732 1995 hamatis
762 1954 877 1995 inter
907 1969 998 1995 sese
1031 1969 1122 1995 esse
1153 1960 1367 1996 necessest
1646 1965 1726 2006 445

243 2027 289 2065 et
318 2023 441 2078 quasi
471 2023 647 2065 ramosis
678 2023 765 2065 alte
797 2029 1018 2079 compacta
1048 2024 1198 2065 teneri.

128 2184 203 2216 tian
219 2194 325 2225 marg.
342 2185 433 2218 Flor.
453 2186 495 2218 29
511 2185 580 2217 and
595 2186 741 2226 Nauger.
759 2186 812 2218 for
827 2186 1004 2218 uobiIIbus.
1142 2186 1205 2217 421
1222 2187 1292 2217 diri
1309 2191 1483 2226 turpesque
1499 2185 1606 2218 Lach.
1627 2185 1679 2216 for
1694 2186 1730 2216 ἀί

130 2244 314 2279 turpesque.
353 2240 430 2280 fedi
452 2245 637 2280 turpesque,
656 2242 713 2280 qui
735 2242 820 2272 olidi
842 2245 878 2278 t„
903 2242 982 2272 tetri
1005 2246 1040 2277 t.‚
1065 2245 1174 2281 turpes
1197 2242 1346 2281 olidique
1367 2239 1453 2271 have
1475 2240 1522 2271 all
1539 2239 1624 2270 been
1639 2239 1730 2270 read.

129 2294 214 2325 caeli
231 2297 403 2334 turpesque
420 2293 512 2325 Nico.
533 2293 603 2325 and
618 2294 728 2325 oldest
743 2294 812 2327 eds,
947 2295 1010 2325 422
1019 2296 1138 2335 figura
1157 2294 1262 2327 Lach.
1283 2295 1371 2326 after
1390 2293 1627 2326 Schneidewin
1645 2293 1730 2325 Phil.

128 2357 171 2378 111
187 2358 220 2388 p.
239 2348 301 2379 538
318 2347 369 2379 for
384 2349 540 2380 videntur
555 2348 667 2379 which
687 2349 750 2380 has
772 2358 868 2380 come
883 2349 974 2380 from
994 2350 1056 2380 421
1081 2349 1150 2380 and
1167 2348 1374 2389 supplantes}
1393 2348 1452 2380 the
1474 2347 1639 2379 feminine
1655 2347 1730 2378 sub-

129 2402 288 2434 stantive.
334 2413 417 2443 quae
438 2405 557 2434 mulcet
578 2414 679 2435 causa
702 2405 861 2444 riuvatque
884 2404 979 2436 Junt.
1027 2414 1113 2444 quae
1134 2405 1252 2435 mulcet
1273 2413 1400 2443 cunque
1422 2405 1581 2443 iuvatque
1603 2402 1731 2433 Avanc.

129 2456 275 2488 without
291 2466 407 2495 sense;
432 2457 492 2488 but
509 2460 545 2489 at
561 2456 627 2488 end
648 2457 685 2488 of
705 2456 760 2488 his
778 2457 828 2489 ed.
847 2458 884 2489 of
906 2457 1062 2489 Catullus
1078 2457 1121 2489 he
1142 2457 1217 2489 bids
1239 2468 1278 2489 us
1300 2457 1381 2488 read
1397 2467 1481 2497 quae
1497 2459 1614 2488 mulcet
1631 2467 1733 2487 eausa

129 2512 298 2551 iuvatque.
343 2512 480 2543 mulctat
496 2522 597 2543 causa
612 2514 771 2553 iuvatque
789 2512 873 2544 Mar.
891 2513 1113 2553 apparenfly3
1131 2512 1193 2544 but
1209 2512 1267 2543 the
1283 2511 1393 2543 words
1409 2521 1466 2543 are
1482 2511 1585 2542 much
1602 2510 1728 2543 erased.

172 2565 235 2597 423
249 2568 355 2597 levore
365 2566 491 2597 Avanc.
504 2567 558 2597 for
570 2567 702 2598 leviore.
781 2568 844 2600 427
856 2578 954 2599 unca.
981 2578 1131 2608 uncaque
1144 2577 1228 2599 mss.
1305 2569 1368 2599 428
1378 2568 1476 2607 utqui
1489 2566 1598 2598 added
1610 2566 1654 2606 by
1667 2565 1731 2596 Ed.

129 2619 199 2652 and
210 2620 252 2651 N.
266 2620 304 2651 P.
315 2620 475 2651 Howard.
508 2625 539 2651 et
550 2631 632 2660 quae
645 2621 736 2652 Flor.
750 2622 789 2652 31
803 2622 919 2653 Camb.
933 2622 1045 2661 vulgo.
1074 2632 1218 2662 quaeque
1232 2622 1336 2655 Lach.
1367 2623 1452 2653 unde
1465 2621 1566 2652 Bern.
1600 2621 1731 2660 quique,

130 2675 184 2707 i.e.
202 2677 336 2714 amelli,
354 2675 417 2707 Ed.
438 2676 615 2715 formerly:
640 2676 699 2707 the
715 2687 775 2716 que
792 2679 828 2708 at
845 2676 911 2708 end
928 2676 964 2708 of
985 2676 1048 2709 427
1065 2686 1177 2708 comes
1195 2677 1283 2708 from
1305 2676 1364 2708 the
1386 2677 1454 2707 lost
1476 2676 1583 2715 utqui.
1635 2674 1731 2705 Then

131 2732 194 2764 429
205 2733 335 2772 possim
350 2731 380 2761 A
394 2730 487 2761 Nico.
504 2730 596 2761 Flor.
614 2730 654 2761 31
672 2730 803 2769 Camb.,
824 2730 894 2762 and
912 2732 963 2770 (as
980 2731 996 2761 I
1013 2730 1109 2761 learn
1125 2731 1214 2762 from
1230 2730 1338 2762 Lach.
1356 2741 1389 2771 p.
1409 2731 1486 2770 298)
1503 2728 1575 2760 cod.
1591 2728 1729 2768 Sangal-

130 2786 216 2818 lens.
234 2785 341 2817 schol.
358 2785 396 2816 in
417 2785 615 2815 Iuvenalem
625 2796 633 2822 ;
658 2784 794 2826 rightly,
813 2795 850 2816 as
866 2785 926 2816 the
942 2785 1029 2825 subj.
1046 2785 1077 2816 is
1097 2795 1284 2826 necessary.
1330 2789 1468 2825 possunt
1482 2784 1510 2814 B
1528 2783 1623 2814 Gott.
1640 2784 1729 2823 vulg.

129 2841 234 2874 Lach.
378 2841 441 2872 430
456 2842 633 2880 inulaeque
649 2840 770 2872 Lamb.
788 2841 862 2872 first
878 2841 932 2872 for
948 2843 1136 2881 inviaeque.
1183 2842 1320 2880 vinique
1336 2839 1430 2871 Nico.
1562 2838 1625 2870 437
1642 2848 1730 2878 eqre-

131 2896 224 2927 diens
238 2895 264 2925 F
268 2895 329 2926 lor.
347 2895 387 2926 31
406 2894 524 2926 Oamb.
542 2896 604 2927 etc.
626 2894 678 2925 for
693 2896 857 2935 yrediens.
1009 2895 1072 2925 438
1088 2899 1167 2925 aut:
1192 2894 1298 2926 Lach.
1319 2903 1427 2925 seems
1443 2895 1478 2924 to
1493 2902 1548 2924 me
1563 2902 1679 2932 wrong
1694 2892 1730 2923 in

131 2948 303 2989 changing
318 2949 388 2980 this
404 2950 439 2980 to
455 2954 564 2989 atque.
701 2950 763 2982 439
780 2960 841 2990 que
857 2949 966 2982 added
981 2950 1026 2990 by
1043 2949 1128 2981 Mar.
1146 2949 1166 2980 J
1169 2950 1242 2980 unt.
1261 2949 1372 2988 vulgo.
1511 2947 1573 2978 451
1591 2957 1606 2979 e
1622 2947 1728 2978 Laeh.
