1997 3267
899 170 970 212 III
1669 183 1749 225 139

265 286 310 323 et
339 279 614 322 membratim
646 279 821 320 vitalem
853 277 1084 333 deperdere
1115 291 1313 328 sensum;

263 349 309 390 in
338 348 520 405 pedibus
550 347 736 404 primum
768 347 925 403 digitos
956 346 1155 388 livescere
1187 352 1230 387 et
1262 345 1428 401 unguis,

262 417 362 459 inde
393 417 523 472 pedes
554 422 598 458 et
629 431 750 458 crura
782 415 899 465 mori,
931 420 1027 470 post
1057 415 1156 456 inde
1187 430 1263 470 per
1293 420 1411 456 artus

264 485 325 528 ire
356 486 460 527 alios
491 485 663 527 tractim
694 484 828 541 gelidi
858 484 1044 540 vestigia
1074 484 1162 525 leti.
1667 493 1750 536 530

265 554 474 596 scinditur
503 554 623 610 itque
655 553 823 595 animae
854 553 933 594 hoc
964 553 1166 608 quoniam
1196 558 1352 594 natura
1383 567 1459 593 nec
1492 566 1576 593 uno

264 628 456 678 tempore
486 623 650 664 sincera
680 622 841 671 existit,
872 622 1064 663 mortalis
1096 622 1344 663 habendast.

265 689 377 745 quod
408 689 444 730 si
474 689 582 731 forte
612 693 740 743 putas
772 688 907 743 ipsam
940 702 984 728 se
1016 702 1136 742 posse
1168 703 1244 743 per
1273 693 1392 729 artus
1562 707 1585 734 *0

264 757 476 799 introsum
507 757 676 798 trahere
708 761 752 798 et
782 756 918 812 partis
949 756 1182 798 conducere
1212 757 1257 798 in
1287 772 1423 798 unum

265 832 395 882 atque
425 826 521 868 ideo
552 826 717 868 cunctis
747 840 921 867 sensum
952 826 1160 868 deducere
1194 825 1407 875 membris,
1669 833 1687 876 5
1698 833 1746 877 35

265 899 312 936 at
343 895 458 936 locus
488 895 559 936 ille
591 900 749 944 tamen,
781 908 865 949 quo
896 893 1017 949 copia
1048 899 1173 935 tanta
1202 894 1363 935 animai

266 963 443 1019 cogitur,
473 963 519 1004 in
550 977 675 1004 sensu
707 962 837 1004 debet
868 962 1027 1004 maiore
1057 963 1219 1014 videri;

266 1033 341 1088 qui
371 1032 573 1088 quoniam
603 1037 869 1087 nusquamst,
900 1032 1105 1073 nimirum
1137 1038 1187 1073 ut
1219 1032 1407 1073 diximus
1439 1037 1544 1081 unte,

265 1101 473 1143 dilaniata
503 1101 612 1142 foras
642 1100 914 1156 dispargitur,
946 1100 1097 1142 interit
1128 1115 1238 1156 ergo,

266 1170 372 1226 quin
402 1170 534 1211 etiam
565 1169 601 1210 si
631 1169 717 1210 iam
749 1169 881 1210 libeat
912 1169 1142 1210 concedere
1175 1169 1329 1210 falsum
1672 1177 1754 1220 540

266 1244 311 1280 et
341 1238 441 1280 dare
473 1252 594 1293 posse
625 1237 812 1278 animam
844 1237 1070 1292 glomerari
1102 1237 1145 1278 in
1178 1252 1349 1292 corpore
1381 1251 1540 1285 eorum,

266 1306 430 1348 lumina
461 1306 535 1362 qui
566 1306 733 1348 lincunt
764 1305 1008 1347 moribundi
1039 1306 1345 1361 particulatim,

265 1375 489 1417 mortalem
520 1380 667 1416 tamen
698 1389 788 1416 esse
818 1374 1005 1416 animam
1038 1374 1198 1416 fateare
1228 1389 1410 1424 necesse,

266 1459 344 1486 nec
374 1444 503 1485 refert
534 1450 682 1485 utrum
712 1449 860 1499 pereat
890 1444 1081 1500 dispersa
1111 1459 1187 1500 per
1216 1458 1341 1486 auras

269 1528 325 1555 an
355 1519 574 1555 contracta
604 1513 692 1555 suis
724 1529 746 1555 e
778 1513 974 1568 partibus
1005 1514 1291 1563 obbmtescat,
1674 1520 1751 1564 545

268 1581 438 1638 quando
469 1582 686 1624 hominem
718 1588 859 1624 totum
892 1582 1030 1638 magis
1060 1598 1109 1624 ac
1141 1583 1278 1639 magis
1308 1581 1500 1637 undique
1532 1593 1680 1622 sensus

267 1649 412 1691 deficit
442 1655 486 1691 et
518 1650 633 1692 vitae
666 1650 808 1692 minus
839 1655 884 1692 et
915 1650 1058 1692 minus
1089 1650 1280 1706 undique
1310 1655 1456 1691 restat.

327 1721 384 1762 Et
415 1720 617 1775 quoniam
649 1734 770 1761 mens
801 1725 866 1761 est
898 1719 1082 1760 hominis
1113 1734 1210 1774 pars
1244 1733 1339 1769 una,
1370 1718 1460 1759 loco
1491 1731 1600 1773 quae

268 1789 355 1831 fixa
384 1793 531 1830 manet
562 1793 690 1838 certo,
722 1788 841 1829 velut
873 1803 997 1829 aures
1028 1794 1159 1843 atque
1191 1787 1302 1829 oculi
1333 1793 1434 1828 sunt

268 1864 399 1914 atque
430 1857 503 1899 alii
534 1871 684 1898 sensus
715 1857 789 1912 qui
821 1857 955 1897 vitam
987 1871 1174 1911 cumque
1205 1856 1461 1912 gubernant,
1675 1863 1759 1907 550

269 1933 314 1969 et
345 1926 480 1968 veluti
511 1939 664 1966 manus
694 1930 826 1980 atque
859 1925 1007 1966 oculus
1037 1940 1213 1967 naresve
1245 1939 1435 1966 seorsum

269 2001 432 2037 secreta
462 1994 515 2036 ab
546 1994 668 2036 nobis
698 2000 921 2050 nequeunt
952 1994 1112 2036 sentire
1142 2009 1282 2050 neque
1313 2008 1415 2043 esse,

270 2065 345 2106 sed
375 2070 523 2106 tamen
553 2063 599 2104 in
628 2077 759 2119 parvo
791 2063 981 2105 licuntur
1011 2068 1203 2118 tempore
1233 2063 1345 2112 tabe,

155 2219 252 2252 Junt.
279 2218 330 2250 for
352 2218 532 2257 refutatur.
657 2218 718 2249 531
745 2219 920 2249 Scinditur
943 2220 1034 2258 itque
1057 2219 1189 2249 animae
1213 2218 1271 2249 hoc
1294 2217 1359 2248 Ed.
1385 2216 1437 2248 for
1461 2217 1637 2248 Scinditur
1659 2221 1761 2257 atque

155 2275 266 2306 animo
282 2273 378 2304 haec:
403 2280 514 2311 comp.
531 2272 606 2303 526.
653 2272 707 2303 Sc.
725 2281 824 2312 usque
840 2273 921 2304 adeo
945 2273 1023 2303 haec
1045 2271 1149 2304 Lach.
1200 2272 1254 2303 Sc.
1277 2281 1381 2311 aeque
1403 2272 1533 2302 animae
1557 2271 1635 2302 haec
1656 2271 1758 2302 Bern.

157 2329 209 2360 Sc.
225 2328 323 2367 atqui
339 2327 448 2357 auimo
466 2326 545 2357 haec
563 2325 648 2357 Mar.
666 2325 763 2357 Junt.
809 2327 862 2358 Sc.
879 2329 975 2368 atqui
992 2328 1123 2358 animae
1138 2326 1260 2358 Lamb.
1277 2326 1365 2366 vulg.
1523 2326 1585 2357 535
1603 2326 1760 2358 deducere

157 2381 275 2414 Gamb.
299 2380 376 2412 Ver.
400 2380 484 2412 Ven.
509 2380 595 2411 Mar.
621 2380 672 2411 for
695 2382 860 2413 diducere.
1007 2382 1071 2413 538
1087 2387 1163 2413 ante
1181 2381 1289 2413 added
1304 2381 1348 2422 by
1364 2380 1459 2412 Nice.
1614 2380 1676 2411 548
1694 2381 1761 2412 loco

157 2447 240 2478 quae
263 2435 369 2468 Lach.
396 2435 471 2467 first
495 2435 546 2467 for
570 2437 713 2476 locoque.
954 2436 1016 2468 551
1040 2441 1151 2476 atque.
1197 2440 1257 2467 aut
1280 2435 1402 2466 Lach.:
1435 2434 1497 2467 but
1520 2444 1630 2474 comp.
1654 2444 1675 2465 v
1698 2434 1761 2467 965

156 2489 292 2530 ylaudes
309 2493 408 2528 atque
424 2489 537 2519 arbita
552 2490 604 2519 vel
614 2489 696 2528 pira
714 2489 808 2521 lecta.
967 2489 1029 2520 553
1053 2489 1118 2520 Sed
1135 2493 1243 2520 tamen
1258 2490 1296 2520 in
1308 2498 1415 2529 parvo
1433 2489 1606 2528 linguntur
1622 2493 1761 2528 tempore

157 2545 221 2575 tali
236 2553 316 2575 mss.
342 2542 502 2582 ‘quidam
519 2541 655 2576 doctus'
673 2551 752 2583 says
768 2542 889 2574 Lamb.
907 2542 982 2575 who
1004 2542 1190 2575 condemns
1212 2543 1271 2575 the
1292 2553 1387 2574 verse
1412 2545 1420 2559 ‘
1433 2542 1629 2583 liquuntur!
1679 2544 1760 2574 ‘lin-

157 2601 289 2637 quntur.
314 2604 397 2626 mss.
421 2598 505 2635 puto
528 2595 679 2634 legend.:
710 2601 800 2627 secta
823 2598 942 2628 etenim
964 2607 1072 2638 parvo
1095 2599 1276 2629 vincuntur
1299 2602 1440 2637 tempore
1465 2597 1546 2634 tabi,
1570 2595 1637 2627 nisi
1659 2595 1763 2627 malis

158 2650 449 2691 liquuntur...tabi
472 2659 534 2689 pro
559 2650 643 2686 tabe,
659 2652 699 2681 ut
717 2651 813 2690 parti
836 2653 970 2691 contayi
994 2661 1054 2690 pro
1073 2656 1172 2691 parte
1195 2656 1331 2691 contage
1347 2653 1413 2682 vet.
1435 2650 1579 2691 passim'
1596 2649 1640 2682 Is.
1662 2649 1759 2681 Voss.

157 2705 193 2736 in
213 2713 276 2736 ms,
301 2707 408 2735 notes.
459 2704 525 2734 Sed
547 2708 656 2734 tamen
678 2703 708 2734 is
731 2704 767 2734 of
789 2713 908 2736 course
931 2705 1026 2744 quite
1050 2705 1159 2744 right3
1183 2705 1200 2735 Ι
1218 2704 1306 2736 have
1328 2704 1462 2736 written
1488 2703 1655 2735 therefore
1678 2702 1760 2734 with

159 2758 286 2792 Creech
302 2759 340 2790 in
356 2760 456 2789 notes
469 2758 535 2789 Sed
552 2763 660 2789 tamen
674 2759 710 2789 in
721 2769 828 2799 parvo
841 2760 989 2791 licuntur
1005 2765 1144 2800 tempore
1162 2761 1234 2791 tabe
1250 2760 1345 2802 (Aen.
1359 2769 1401 2790 111
1418 2760 1458 2790 28
1471 2759 1497 2790 P
1509 2758 1572 2790 has
1589 2759 1764 2798 linguntur

158 2816 209 2847 for
235 2815 383 2845 licuntur
405 2811 474 2844 and
495 2812 593 2844 Lucr.
619 2822 653 2843 1v
678 2813 760 2844 1243
784 2813 860 2846 Ver.
885 2814 968 2847 Ven.
995 2815 1081 2845 have
1106 2816 1247 2854 liquitur
1269 2814 1322 2846 for
1347 2814 1511 2855 liquitur).
1563 2814 1762 2853 linquuntur

157 2869 246 2901 Flor.
272 2868 313 2899 31
330 2868 419 2907 vulg.
465 2869 502 2899 iu
519 2877 626 2908 parvo
644 2869 814 2900 lincuntur
837 2874 976 2909 tempore
1001 2871 1072 2901 tabi
1093 2868 1197 2900 Lach.
1217 2869 1285 2901 ‘ita
1301 2868 1423 2909 Vergil.
1440 2869 1589 2899 Alitibus
1613 2868 1760 2907 linquere

153 2925 251 2963 feris,
269 2925 303 2955 et
319 2922 417 2955 Ovid.
435 2923 498 2955 leto
516 2933 708 2964 poenaeque
722 2923 890 2956 relictus':
914 2923 975 2956 but
990 2923 1050 2956 the
1065 2926 1221 2956 moment
1237 2922 1296 2957 the
1317 2923 1406 2964 body
1421 2923 1451 2955 is
1472 2922 1568 2963 dead,
1595 2923 1762 2963 linquitur
