1997 3267
216 174 302 214 280
999 169 1063 212 VI

330 293 470 320 nonne
501 277 621 319 vides
651 275 828 319 audisve
858 277 998 333 perire
1029 277 1075 318 in
1106 283 1300 333 ternpore
1332 292 1463 333 parvo

331 362 461 403 quam
492 346 659 389 soleant
689 352 735 388 et
767 361 896 401 quam
928 345 1035 388 vitai
1067 346 1188 402 copia
1219 345 1344 395 desit,

329 431 435 472 quos
466 430 592 472 opere
624 416 669 456 in
700 415 777 456 tali
809 415 982 457 cohibet
1014 415 1077 456 vis
1107 430 1265 472 magna
1296 416 1515 460 necessis2
1742 421 1824 473 815

331 484 407 526 hos
437 483 573 540 igitur
603 483 732 525 tellus
764 483 903 525 omnis
935 489 1163 525 exaestuat
1194 489 1339 525 aestus

331 553 584 610 expiratque
616 554 726 595 foras
757 553 803 594 in
833 558 1033 608 apertum
1064 560 1351 609 promptaque
1382 553 1499 595 caeli.

388 622 461 666 Sic
492 629 537 665 et
568 623 741 664 Averna
772 622 863 664 loca
893 622 1071 664 alitibus
1101 623 1376 666 summittere
1407 623 1571 666 debent

331 691 596 733 mortiferam
628 691 728 740 vim,
759 690 813 733 de
845 697 961 733 terra
991 706 1102 747 quae
1133 691 1274 748 surgit
1305 691 1350 732 in
1381 706 1517 742 auras,

332 767 383 802 ut
414 761 605 817 spatium
637 760 742 802 caeli
775 760 961 816 quadam
993 760 1046 802 de
1077 767 1200 816 parte
1233 767 1446 812 ve11cnet3
1742 764 1830 807 820

332 844 417 885 quo
447 829 575 871 simul
609 844 657 871 ac
688 829 877 885 primum
910 829 1064 885 pennis
1095 829 1240 871 delata
1271 829 1328 871 sit
1359 829 1458 880 ales,

332 899 596 955 impediatur
627 898 688 940 ibi
719 913 843 940 caeco
875 905 1069 954 correpta
1101 913 1277 948 veneno,

333 974 384 1009 ut
414 967 540 1010 cadat
572 982 594 1009 e
626 967 802 1024 regione
834 967 926 1017 loci,
958 982 1044 1023 qua
1074 968 1231 1023 derigit
1263 975 1420 1011 aestus.

332 1052 417 1093 quo
448 1052 546 1079 cum
578 1038 758 1087 conruit,
791 1037 859 1079 hic
891 1037 1040 1079 eadem
1073 1037 1136 1079 vis
1168 1037 1283 1079 illius
1314 1044 1460 1080 aestus

331 1107 535 1162 reliquias
567 1107 682 1148 vitae
713 1106 918 1148 membris
949 1122 1001 1148 ex
1033 1106 1232 1148 omnibus
1263 1107 1414 1148 aufert.
1745 1110 1825 1163 825

330 1176 491 1232 quippe
523 1177 686 1218 etenim
717 1176 855 1232 primo
887 1176 1009 1232 quasi
1041 1176 1256 1232 quendam
1289 1176 1455 1218 conciet
1485 1182 1683 1230 aestum3

331 1245 544 1301 posterius
575 1246 626 1287 fit
657 1246 735 1295 uti,
766 1260 864 1287 cum
896 1245 982 1287 iam
1014 1245 1203 1287 cecidere
1237 1245 1393 1287 veneni

331 1315 376 1356 in
409 1314 539 1356 fontis
570 1315 694 1371 ipsos,
726 1314 788 1357 ibi
819 1314 876 1356 sit
907 1330 1078 1371 quoque
1110 1315 1201 1356 vita
1232 1315 1443 1358 vomenda

332 1390 559 1440 propterea
589 1384 704 1440 quod
735 1400 892 1441 magna
924 1385 1026 1426 mali
1058 1385 1109 1427 fit
1141 1385 1263 1441 copia
1294 1386 1466 1428 circum.

390 1454 464 1496 Fit
495 1470 663 1510 quoque
695 1461 745 1496 ut
776 1454 996 1496 interdum
1028 1455 1092 1496 vis
1125 1455 1229 1497 haec
1261 1463 1392 1512 atque
1425 1462 1571 1498 aestus
1602 1457 1765 1499 Averni

332 1538 442 1574 aera,
474 1525 549 1580 qui
580 1525 693 1567 inter
723 1525 814 1567 avis
847 1531 1075 1580 cumquest
1107 1532 1352 1582 terramque
1385 1526 1559 1576 locatus,
1743 1530 1821 1582 831

331 1594 548 1643 discutiat,
579 1609 709 1650 prope
743 1594 808 1635 uti
841 1594 957 1635 locus
988 1594 1057 1635 hic
1089 1594 1312 1650 linquatur
1342 1595 1494 1638 inanis.

333 1663 456 1706 cuius
490 1663 565 1704 ubi
597 1677 620 1704 e
653 1663 825 1720 regione
859 1663 939 1705 loci
970 1678 1125 1705 venere
1158 1664 1363 1715 volantes,

331 1733 544 1775 claudicat
575 1733 794 1789 extemplo
825 1733 1056 1789 pinnarum
1088 1733 1208 1775 nisus
1239 1734 1380 1776 inanis

332 1808 377 1844 et
408 1816 614 1844 conamen
646 1802 867 1857 utrimque
898 1802 1063 1844 alarum
1097 1803 1293 1858 proditur
1324 1818 1459 1845 omne.
1743 1808 1824 1860 835

332 1872 400 1914 hic
432 1871 508 1914 ubi
539 1871 679 1913 nixari
710 1879 934 1928 nequeunt
966 1872 1249 1929 insistereque
1281 1873 1370 1921 alis,

331 1941 494 1983 scilicet
524 1941 569 1982 in
601 1947 760 1983 terram
792 1941 935 1983 delabi
967 1941 1153 1997 pondere
1184 1943 1299 1999 cogit

331 2016 497 2060 natura,
529 2016 574 2052 et
606 2025 787 2052 vacuum
821 2026 953 2067 prope
983 2012 1069 2053 iam
1101 2027 1177 2068 per
1207 2012 1334 2055 inane
1365 2013 1555 2056 iacentes

331 2079 587 2136 dispergunt
619 2080 786 2121 animas
818 2094 894 2135 per
925 2081 1069 2123 caulas
1099 2081 1284 2138 corporis
1315 2083 1462 2125 omnis.

973 2166 998 2190 *-

1966 1871 1981 1944 *πμ

1962 2010 1989 2115 «ην-δ’
1968 1955 1981 1996 ι·

1963 2117 1990 2293 ’.Μεθ’-ἢ

331 2217 524 2275 frigidior
552 2232 677 2274 porro
708 2218 754 2260 in
784 2219 929 2274 puteis
959 2225 1125 2262 aestate
1156 2219 1207 2262 fit
1238 2235 1372 2272 umor,
1742 2225 1828 2276 840

216 2361 317 2393 Pont.
334 2360 387 2392 for
403 2365 550 2400 argento.
742 2361 805 2392 813
821 2362 959 2392 audisve
975 2360 1065 2393 Flor.
1087 2361 1127 2393 31
1144 2361 1261 2394 Camb.
1282 2361 1366 2394 Mar.
1388 2362 1440 2394 for
1455 2363 1585 2395 audire.
1760 2365 1825 2403 815

216 2417 355 2448 necessis
371 2414 476 2447 Lach.
493 2415 546 2446 for
560 2420 730 2446 necessest.
864 2416 928 2448 817
943 2421 1094 2456 apertum
1108 2415 1148 2448 B.
1194 2421 1311 2457 aperta
1326 2417 1355 2448 A
1371 2417 1464 2449 Nice.
1481 2418 1570 2458 vulg.
1590 2417 1704 2451 before
1719 2418 1823 2453 Lech.

216 2474 397 2508 apertaque
413 2467 503 2498 Flor.
521 2468 574 2498 31.
713 2467 777 2498 818
793 2471 836 2499 ετ.
882 2477 922 2499 ea
937 2467 1042 2500 Laeh.
1063 2477 1140 2499 ever
1155 2467 1342 2499 intolerant
1359 2468 1396 2500 of
1409 2473 1441 2500 et
1458 2469 1510 2500 for
1527 2471 1638 2501 etiam.
1684 2471 1824 2504 alitibus

214 2522 305 2554 Flor.
319 2523 359 2554 31
377 2522 495 2554 Camb.
517 2521 603 2554 Mar.
621 2521 674 2554 for
690 2524 856 2555 malitbus.
1075 2523 1138 2556 829
1148 2524 1204 2563 fit.
1250 2525 1297 2555 sit
1313 2523 1408 2556 Junt.
1429 2523 1551 2555 Lamb.
1567 2524 1679 2566 vulga
1702 2535 1723 2558 a
1738 2525 1822 2559 sole-

215 2577 312 2609 cism.
445 2577 509 2608 832
525 2577 579 2608 hic
596 2576 690 2608 Mon.
707 2586 739 2617 p.
757 2587 803 2608 m.
821 2577 926 2609 Lach.
944 2577 996 2609 for
1013 2578 1099 2611 hinc.
1151 2580 1326 2620 linquatur
1340 2579 1431 2611 Flor.
1448 2579 1489 2610 31
1507 2578 1625 2611 Camb.
1642 2579 1720 2612 Ver.
1735 2580 1823 2613 Ven-

216 2631 301 2663 Mar.
319 2631 372 2663 for
389 2632 567 2672 linquitur.
678 2631 742 2662 840
759 2631 886 2672 clearly
902 2631 1097 2672 something
1112 2632 1143 2664 is
1158 2633 1311 2673 wanting
1326 2635 1362 2665 to
1379 2636 1523 2665 connect
1540 2633 1611 2666 this
1627 2644 1722 2667 verse
1737 2635 1823 2668 with

216 2687 306 2718 what
329 2686 497 2727 precedes.
542 2685 647 2719 Lach.
675 2686 739 2718 has
762 2687 889 2727 proved
912 2687 989 2719 that
1012 2697 1033 2719 a
1055 2697 1130 2719 new
1151 2687 1231 2725 leaf,
1255 2687 1314 2720 the
1342 2688 1464 2729 142nd,
1491 2688 1529 2721 of
1556 2689 1616 2721 the
1641 2689 1824 2732 archetype

214 2740 325 2779 began
340 2740 439 2772 here:
464 2739 501 2770 in
517 2739 564 2771 all
579 2739 789 2780 probability
804 2739 888 2772 then
911 2750 975 2772 one
997 2741 1067 2772 leaf
1086 2740 1156 2772 had
1172 2740 1324 2781 dropped
1346 2745 1407 2773 out
1422 2741 1458 2773 in
1474 2741 1546 2774 this
1561 2743 1667 2784 place.
1712 2743 1820 2778 nach.

215 2793 340 2825 inserts
355 2793 434 2825 four
455 2793 657 2833 fragments,
675 2794 752 2825 Non
771 2795 855 2826 mihi
877 2796 909 2826 si
933 2795 1069 2834 linyuae
1085 2799 1215 2826 centum
1233 2797 1303 2826 sint
1324 2805 1447 2836 oraque
1468 2801 1608 2835 centum,
1625 2799 1732 2830 Aerea
1747 2809 1822 2831 vox.

217 2849 379 2879 Mensz’bu’
398 2848 523 2888 friyus.
571 2849 795 2889 Cameraeque
822 2850 973 2881 caminis.
1019 2851 1070 2882 Ne
1098 2851 1241 2881 oblimet.
1290 2849 1363 2881 The
1387 2850 1464 2882 first
1487 2850 1656 2892 certainly
1677 2861 1823 2893 appears

215 2900 416 2933 Lucretiam
442 2901 553 2933 where
573 2900 600 2933 it
624 2911 720 2933 came
742 2902 780 2933 in
803 2902 863 2934 the
886 2913 996 2943 poem,
1024 2904 1151 2934 cannot
1173 2903 1216 2935 be
1238 2902 1333 2941 said;
1357 2903 1416 2935 the
1439 2905 1508 2935 rest
1529 2913 1587 2936 are
1608 2914 1689 2946 very
1703 2906 1822 2938 doubt-

217 2955 276 2988 ful.
455 2955 520 2987 840
544 2956 614 2996 Que
636 2955 667 2987 is
690 2956 841 2996 prefixed
864 2959 900 2989 to
922 2958 1100 2997 Friyidior
1122 2956 1159 2988 in
1182 2957 1222 2997 A,
1249 2967 1312 2989 uae
1337 2957 1411 2999 (Le.
1439 2957 1537 2999 quae)
1561 2957 1599 2990 in
1620 2958 1661 2996 B,
1687 2960 1756 2991 Cur
1778 2961 1824 3002 by

1950 2299 1987 2502 ,ξ

1960 2501 1985 2535 3
