1997 3267
219 182 305 222 204

987 169 1028 211 V

333 275 525 317 efficiunt
555 276 723 318 clades!
762 277 866 333 quid
897 278 1024 320 luxus
1055 278 1361 335 desidiaeque?

333 345 436 387 haec
467 345 602 402 igitur
632 346 707 401 qui
739 355 895 389 cuncta
925 348 1145 405 subegerit
1177 363 1228 390 ex
1259 347 1489 405 animoque

333 414 546 469 expulerit
577 414 715 465 dictis,
745 430 832 457 non
863 416 1003 466 armis,
1033 432 1175 459 nonne
1206 417 1378 460 decebit

332 483 446 524 hunc
477 482 693 526 hominem
725 499 904 527 numero
934 485 1078 528 divom
1108 486 1326 542 dignarier
1356 489 1479 530 esse?

331 567 426 594 cum
459 552 568 594 bene
600 553 851 608 praesertim
882 554 1022 596 multa
1052 569 1101 596 ac
1132 555 1342 597 divinitus
1373 555 1478 611 ipsis

333 620 638 663 immortalibu'
669 622 723 663 de
754 622 864 664 divis
895 622 996 665 dare
1027 622 1143 665 dicta
1173 623 1308 665 suerit

334 695 463 745 atque
494 705 663 732 omnem
695 705 838 732 rerum
870 697 1071 733 naturam
1103 692 1289 747 pandere
1322 692 1459 734 dictis.

390 755 525 799 Cuius
557 772 634 814 ego
665 757 883 814 ingressus
914 759 1097 815 vestigia
1127 759 1230 801 dum
1262 759 1450 802 rationes

333 840 559 882 persequor
589 841 638 868 ac
668 827 796 869 doceo
828 827 966 878 dictis,
997 843 1081 884 quo
1112 843 1308 884 quaeque
1339 834 1484 872 creata

333 894 498 937 foedere
530 896 630 946 sint,
661 896 706 937 in
738 911 787 938 eo
818 912 947 952 quam
979 897 1036 939 sit
1066 898 1219 940 durare
1250 913 1472 941 necessum

334 976 410 1004 nec
443 962 604 1005 validas
634 964 807 1006 valeant
837 965 933 1006 aevi
963 966 1202 1007 rescindere
1235 966 1360 1023 leges,

335 1046 418 1087 quo
446 1047 603 1089 genere
635 1034 679 1074 in
710 1034 860 1089 primis
891 1035 1024 1076 animi
1055 1043 1213 1077 natura
1243 1043 1412 1093 reperta
1443 1042 1510 1080 est

334 1102 480 1144 nat-ivo
511 1103 698 1158 primum
730 1104 961 1146 consistere
993 1120 1163 1161 corpore
1196 1112 1313 1147 creta

334 1184 411 1211 nec
442 1184 563 1225 posse
594 1171 820 1213 incolumis
851 1187 1057 1229 magnum
1089 1174 1242 1216 durare
1275 1189 1350 1230 per
1381 1189 1542 1226 aevom,

333 1239 406 1281 sed
437 1239 663 1282 simulacra
694 1242 827 1284 solere
860 1243 904 1283 in
935 1243 1095 1285 somnis
1126 1243 1271 1285 fallere
1304 1250 1508 1295 mentem,

334 1323 504 1351 cernere
536 1325 632 1351 cum
664 1311 888 1352 videamur
919 1326 1018 1353 eum
1051 1327 1177 1367 quem
1212 1313 1303 1354 vita
1333 1314 1521 1369 reliquit,

334 1378 446 1433 quod
477 1385 685 1435 superest,
717 1395 832 1422 nunc
865 1381 949 1422 huc
979 1381 1157 1423 rationis
1188 1382 1346 1424 detulit
1377 1384 1491 1435 ordo,

333 1452 384 1488 ut
414 1448 521 1489 mihi
553 1448 724 1490 mortali
754 1450 984 1492 consistere
1016 1465 1187 1506 corpore
1219 1452 1431 1495 mundum

335 1518 610 1575 nativomque
642 1520 770 1561 simul
802 1521 911 1562 ratio
942 1521 1167 1563 reddunda
1198 1522 1255 1564 sit
1287 1537 1377 1565 esse
1395 1537 1405 1575 ;

334 1596 378 1632 et
409 1589 566 1645 quibus
597 1590 669 1631 ille
702 1590 838 1631 modis
868 1605 1117 1646 congressus
1148 1592 1346 1634 materiai

335 1659 525 1700 fundarit
555 1665 713 1701 terram
745 1660 910 1701 caelum
942 1675 1058 1702 mare
1091 1661 1231 1703 sidera
1261 1662 1393 1704 solem

335 1727 537 1783 lunaique
567 1728 767 1784 globum3
808 1735 903 1770 tum
936 1744 1045 1785 quae
1077 1729 1231 1772 tellure
1262 1731 1505 1774 animantes

335 1797 571 1846 extiterint,
602 1804 646 1840 et
678 1813 786 1854 quae
818 1799 936 1840 nullo
968 1799 1054 1840 sint
1086 1805 1278 1855 tempore
1309 1806 1462 1853 natae3

335 1880 471 1920 quove
501 1865 626 1908 modo
657 1881 794 1922 genus
825 1867 1065 1908 humanum
1097 1868 1291 1910 variante
1323 1869 1508 1925 loquella

334 1934 519 1988 coeperit
549 1935 662 1976 inter
693 1950 737 1976 se
769 1936 882 1977 vesci
914 1951 989 1991 per
1019 1936 1194 1977 nomina
1225 1952 1392 1988 rerum3

335 2008 378 2043 et
409 2003 564 2058 quibus
595 2004 668 2045 ille
700 2004 837 2046 modis
868 2005 1010 2046 divom
1043 2011 1186 2047 metus
1217 2006 1448 2048 insinuarit

334 2077 515 2126 pectora,
548 2079 757 2114 terrarum
789 2073 865 2128 qui
895 2073 940 2114 in
972 2073 1064 2115 orbi
1094 2081 1242 2116 sancta
1272 2081 1423 2118 tuetur

335 2140 432 2180 fana
463 2140 578 2182 lacus
609 2141 724 2183 lucos
755 2157 849 2184 aras
879 2143 1192 2199 simulacraque
1223 2144 1377 2188 divom.

334 2215 554 2264 praeterea
583 2211 683 2252 solis
714 2225 862 2253 cursus
894 2212 1106 2268 lunaeque
1138 2220 1308 2256 meatus

335 2278 556 2334 expediam
589 2294 674 2335 qua
704 2280 746 2322 vi
777 2281 924 2322 flectat
955 2287 1113 2323 natura
1142 2283 1412 2338 gubernans3

334 2362 387 2389 ne
419 2348 525 2390 forte
557 2349 661 2391 haec
692 2350 806 2392 inter
836 2352 1002 2393 caelum
1034 2357 1280 2408 terramque
1311 2369 1483 2397 reamur

334 2416 466 2458 libera
495 2424 647 2473 sponte
679 2433 756 2460 sua
787 2434 935 2461 cursus
966 2420 1148 2464 lustrare
1179 2423 1380 2478 perennis

335 2484 543 2541 morigera
572 2485 626 2528 ad
657 2487 802 2543 fruges
832 2489 1050 2545 augendas
1079 2496 1211 2546 atque
1243 2491 1486 2542 animantis,

334 2568 440 2596 neve
470 2554 615 2610 aliqua
644 2555 787 2597 divom
818 2556 932 2598 volvi
961 2558 1127 2600 ratione
1158 2566 1374 2616 putemus.

1771 431 1824 474 50

1771 773 1819 817 55

1766 1109 1822 1151 60

1765 1813 1822 1855 70

1765 2156 1816 2200 75

1765 2494 1821 2535 80

331 2637 433 2663 nam
463 2622 571 2664 bene
602 2623 677 2678 qui
707 2623 893 2667 didicere
924 2626 1025 2668 deos
1055 2642 1254 2670 securum
1285 2644 1412 2685 agere
1443 2644 1604 2680 aevom,

217 2778 332 2813 notes;
356 2775 488 2815 though
504 2776 599 2808 Mon.
615 2776 679 2808 has
695 2787 741 2809 no
756 2780 849 2810 trace
865 2780 902 2810 of
915 2779 954 2812 it.
1000 2781 1097 2813 Junt.
1115 2781 1214 2814 reads
1229 2788 1316 2816 sunt.
1484 2785 1525 2816 51
1548 2794 1679 2817 numero
1696 2786 1817 2818 divom.

221 2831 334 2862 divum
348 2840 480 2862 numero
496 2830 657 2865 Lactant.
775 2834 816 2865 53
832 2835 1078 2866 Immortalibus
1094 2835 1182 2870 Flor.
1205 2837 1246 2868 31
1264 2837 1348 2870 Mar,
1396 2839 1634 2871 Inmortalibus
1650 2839 1678 2870 B
1695 2839 1816 2872 Camb.

220 2883 294 2914 Iam
309 2884 500 2915 mortalibus
517 2884 546 2915 A
562 2884 653 2918 Nice.
674 2888 737 2917 etc.
784 2887 823 2917 de
839 2886 961 2919 Lamb.
978 2888 1030 2920 for
1046 2899 1074 2920 e.
1207 2890 1246 2921 61
1263 2892 1438 2922 incolumis
1452 2891 1536 2924 Mar.
1554 2892 1650 2924 Junt.
1669 2892 1722 2923 for
1730 2894 1818 2924 inco-

224 2938 330 2970 lumen
344 2938 384 2978 A,
402 2940 571 2971 vinculum
587 2944 634 2971 est
649 2939 690 2979 B,
707 2942 869 2973 incolum&
884 2942 1002 2975 Gamb.
1068 2944 1108 2977 71
1127 2945 1249 2984 Quove.
1291 2946 1425 2986 Quoque
1441 2946 1588 2984 Nonius,
1605 2949 1765 2988 contrary
1781 2950 1817 2980 to
