1997 3267
903 163 942 204 V
1632 172 1714 213 223

230 273 452 315 aestiferas
484 286 618 327 usque
651 271 694 312 in
727 269 862 326 partis
893 274 938 311 et
969 268 1130 310 fervida
1161 268 1293 324 signa.

230 346 276 383 ct
306 341 469 383 ratione
501 340 594 395 pari
625 340 771 380 lunam
802 337 1035 391 stellasque
1066 336 1364 392 putandumst,

231 426 340 466 quae
372 410 552 451 volvunt
583 422 760 465 magnos
790 407 835 448 in
865 406 1034 462 magnis
1064 405 1239 447 orbibus
1268 420 1412 454 annos,

231 479 402 521 aeribus
432 493 552 533 posse
584 476 760 518 alternis
791 490 813 516 e
845 475 1041 530 partibus
1072 474 1141 515 ire.
1630 474 1710 525 645

232 562 372 589 nonne
402 547 521 588 vides
552 546 683 588 etiam
714 544 893 586 diversis
924 543 1073 585 nubila
1104 543 1244 584 ventis

232 617 420 659 diversas
450 617 510 657 ire
541 616 586 656 in
616 614 752 670 partis
782 614 949 655 inferna
979 613 1204 669 supernis?

232 685 307 741 qui
340 685 479 726 minus
510 684 583 725 illa
613 689 775 739 queant
805 697 882 738 per
914 697 1089 737 magnos
1120 681 1307 723 aetheris
1338 680 1451 722 orbis

232 753 422 795 aestibus
452 753 565 794 inter
594 766 638 793 se
670 751 846 793 diversis
876 750 1016 792 sidera
1048 750 1177 792 ferri?

293 822 351 863 At
380 836 462 862 nox
494 820 637 861 obruit
669 819 835 875 ingenti
868 819 1050 874 caligine
1082 824 1227 869 terras,
1629 818 1716 870 650

231 897 309 932 aut
340 889 415 931 ubi
446 889 497 931 de
529 890 654 945 longo
686 904 811 930 cursu
843 888 904 929 sol
936 888 1091 929 ultima
1121 888 1227 929 caeli

232 958 406 1014 impulit
435 963 564 1013 atque
594 971 692 998 suos
723 956 885 998 efflavit
916 955 1145 1012 languidus
1176 955 1288 1011 ignis

231 1041 453 1069 concussos
483 1026 590 1067 itere
622 1031 666 1067 et
698 1026 927 1067 labefactos
958 1040 1053 1066 acre
1085 1025 1234 1074 multo,

231 1102 308 1138 aut
339 1096 439 1151 quia
468 1095 548 1137 sub
580 1102 714 1136 terras
745 1108 916 1135 cursum
948 1099 1193 1134 convortere
1225 1092 1338 1147 cogit

232 1165 296 1206 vis
326 1163 486 1213 eadem,
517 1177 644 1218 supra
675 1177 783 1218 quae
815 1167 950 1203 terras
981 1161 1161 1216 pertulit
1191 1161 1345 1202 orbem.
1629 1161 1709 1212 655

290 1234 498 1288 Tempore
529 1232 635 1273 item
667 1236 782 1273 certo
813 1245 977 1272 roseam
1010 1230 1182 1271 Matuta
1211 1244 1288 1285 per
1318 1243 1412 1270 oras

232 1301 419 1343 aetheris
448 1315 644 1342 auroram
676 1299 821 1341 differt
851 1304 896 1341 et
927 1299 1092 1340 lumina
1121 1298 1284 1354 pandit,

233 1376 310 1412 aut
341 1370 442 1426 quia
475 1370 534 1410 sol
569 1368 695 1418 idem,
726 1368 806 1410 sub
837 1374 972 1410 terras
1002 1368 1073 1409 ille
1104 1373 1331 1417 revertens,

233 1438 443 1493 anticipat
474 1437 638 1479 caelum
671 1436 802 1478 radiis
834 1437 1062 1478 accendere
1094 1441 1326 1491 temptans,

232 1512 309 1549 aut
340 1506 440 1562 quia
471 1506 730 1547 conveniunt
760 1505 882 1561 ignes
912 1510 956 1546 et
987 1504 1151 1546 semina
1181 1504 1320 1545 multa
1628 1504 1714 1546 660

237 1575 445 1617 confluere
477 1574 637 1616 ardoris
668 1579 928 1616 consuerunt
959 1579 1151 1629 tempore
1182 1578 1309 1622 certo,

234 1660 344 1701 quae
375 1645 538 1686 faciunt
569 1644 668 1685 solis
698 1659 808 1686 nova
837 1658 1005 1699 semper
1036 1643 1199 1683 lumina
1227 1641 1372 1698 gigni3

236 1713 349 1769 quod
379 1728 516 1769 genus
547 1713 689 1754 Idaeis
720 1713 834 1754 fama
864 1718 930 1754 est
960 1727 983 1753 e
1014 1711 1232 1753 montibus
1262 1710 1361 1751 altis

234 1782 445 1838 dispersos
474 1781 587 1838 ignis
619 1781 773 1822 orienti
804 1780 966 1822 lumine
996 1779 1123 1829 cerni,

237 1850 337 1892 inde
368 1850 477 1891 coire
509 1849 684 1906 globum
716 1849 837 1905 quasi
867 1849 912 1890 in
943 1863 1077 1890 unum
1109 1854 1153 1889 et
1184 1846 1385 1888 conficere
1416 1845 1571 1888 orbem.
1630 1847 1710 1898 665

236 1934 314 1960 nec
344 1924 491 1960 tamen
521 1918 628 1959 illud
659 1918 705 1959 in
735 1917 803 1959 his
833 1918 960 1959 rebus
991 1916 1185 1958 mirabile
1215 1915 1344 1957 debet

237 2002 339 2036 esse,
371 1986 483 2043 quod
514 1987 619 2028 haec
649 1986 762 2042 ignis
792 1992 881 2027 tam
913 1990 1027 2027 certo
1058 1990 1249 2039 tempore
1279 1988 1456 2038 possunt

237 2057 399 2097 semina
429 2056 639 2098 confluere
670 2061 715 2097 et
745 2056 844 2097 solis
874 2069 1069 2111 reparare
1099 2054 1293 2095 nitorem.

237 2125 377 2166 multa
406 2125 601 2166 videmus
632 2125 760 2174 enim,
790 2129 906 2166 certo
937 2138 1046 2179 quae
1078 2128 1268 2178 tempore
1298 2121 1408 2163 fiunt

238 2194 436 2235 omnibus
466 2194 512 2235 in
542 2194 679 2235 rebus.
722 2193 950 2235 florescunt
981 2198 1171 2248 tempore
1202 2197 1316 2233 certo
1631 2190 1716 2241 670

236 2262 412 2304 arbusta
441 2268 485 2303 et
516 2268 631 2304 certo
662 2261 892 2303 dimittunt
922 2266 1113 2316 tempore
1145 2261 1301 2301 florem.

237 2346 315 2373 nec
345 2331 489 2373 minus
518 2331 564 2372 in
594 2336 710 2373 certo
741 2331 892 2373 dentes
922 2330 1071 2372 cadere
1102 2331 1285 2385 imperat
1315 2334 1433 2371 aetas

238 2404 429 2454 tempore
461 2405 504 2441 et
535 2399 741 2455 inpubem
773 2399 891 2440 molli
922 2399 1151 2454 pubescere
1181 2404 1300 2439 veste

239 2472 284 2508 et
314 2467 475 2522 pariter
504 2468 676 2509 mollem
708 2467 832 2508 malis
862 2467 1090 2509 demittere
1121 2466 1310 2508 barbam.

239 2534 420 2577 fulmina
449 2542 664 2591 postremo
694 2535 768 2577 nix
799 2536 957 2577 imbres
986 2535 1135 2576 nubila
1164 2534 1284 2576 venti
1632 2532 1713 2583 675

125 2699 178 2731 for
192 2701 302 2732 etiam.
467 2700 531 2732 648
554 2703 618 2732 illa
632 2702 720 2734 Flor.
742 2702 782 2733 31
800 2701 918 2733 Camb.
934 2700 1034 2733 Pont.
1053 2701 1139 2732 Mar.
1156 2701 1209 2732 for
1223 2702 1295 2733 ille.
1448 2698 1510 2730 651
1533 2699 1582 2729 sol
1597 2698 1718 2728 ultima

126 2753 243 2785 Camb.
264 2754 343 2787 Vat.
369 2754 454 2787 1136
477 2755 546 2786 and
570 2756 653 2788 1954
675 2755 801 2787 Othob.
824 2756 876 2786 for
898 2756 1001 2786 solvet
1024 2756 1091 2786 ima
1114 2756 1211 2786 caeli.
1236 2755 1285 2785 sol
1307 2754 1430 2784 esctima
1452 2752 1542 2782 Flor.
1568 2751 1607 2781 31
1632 2750 1718 2781 Mar.

125 2807 200 2839 AJd.
223 2808 240 2837 1
258 2807 355 2840 Junt.
373 2811 436 2839 etc.
481 2808 632 2840 Politian
648 2809 684 2840 in
699 2819 806 2849 marg.
824 2809 914 2841 Flor.
931 2810 972 2841 29
988 2808 1052 2840 has
1068 2808 1151 2839 both
1167 2809 1286 2839 ultima
1301 2806 1370 2839 and
1385 2807 1519 2838 extima.

170 2862 233 2894 656
256 2863 394 2894 Matuta
416 2862 520 2895 Pont.
544 2864 632 2895 Mar.
656 2864 731 2895 Ald.
758 2865 776 2895 1
800 2864 896 2896 Junt.
921 2864 974 2895 for
996 2868 1140 2894 matura.
1298 2861 1358 2894 667
1377 2864 1515 2902 possunt
1538 2857 1643 2889 Lach.
1669 2859 1721 2889 sor

121 2918 240 2957 possit.
283 2918 414 2957 possint
429 2917 519 2958 vulg.
538 2921 698 2959 contrary
713 2920 749 2950 to
764 2918 823 2950 the
839 2917 1029 2958 unvarying
1044 2926 1147 2957 usage
1162 2916 1199 2948 of
1211 2916 1312 2947 Lucr.
1478 2914 1539 2946 675
1562 2914 1720 2944 Fulmina
