1997 3267
215 216 272 257 70

227 2740 313 2772 after
335 2740 428 2771 Nice.
451 2741 514 2771 etc.

227 2793 447 2834 apparently;

227 2849 463 2879 continuantur
479 2846 515 2877 of
528 2844 586 2876 the
602 2846 676 2876 first
691 2854 758 2876 was
773 2844 829 2875 his
844 2854 918 2875 own
934 2854 1035 2878 error.

227 2901 303 2931 Hac
319 2899 409 2930 Nico.
426 2899 455 2929 B
471 2908 556 2930 corr.
572 2898 625 2930 for
639 2899 745 2929 Haec.

1018 199 1041 240 I

330 307 442 363 quod
472 307 508 349 si
538 307 651 348 facta
681 307 789 348 foret
820 306 937 348 silvis
968 306 1216 348 abscondita
1245 306 1428 355 flamma,

328 391 413 417 non
442 382 615 431 possent
645 375 782 416 ullum
814 380 984 431 tempus
1014 375 1187 416 celarier
1216 375 1348 430 ignes,

329 443 583 485 conficerent
613 443 736 498 volgo
767 442 905 492 silvas,
935 443 1111 484 arbusta
1141 448 1389 484 cremarent.

328 512 468 553 iamne
499 511 617 553 vides
647 511 792 567 igitur,
824 511 951 566 paulo
983 511 1095 566 quod
1127 511 1312 552 diximus
1343 516 1455 560 ante,

328 579 549 636 permagni
580 580 733 621 referre
765 579 914 620 eadem
945 579 1176 634 primordia
1206 594 1331 635 saepe

328 663 425 690 cum
456 647 612 703 quibus
642 652 687 689 et
717 647 833 702 quali
863 647 1054 702 positura
1084 647 1383 688 contineantur

329 721 373 758 et
404 731 507 772 quos
538 716 651 757 inter
681 730 725 757 se
755 715 860 756 dent
891 720 1033 756 motus
1063 715 1372 770 accipiantque,

328 790 459 840 atque
490 784 638 825 eadem
668 783 797 838 paulo
828 783 942 824 inter
972 797 1016 824 se
1048 789 1218 824 mutata
1248 798 1388 824 creare

329 853 448 908 ignes
479 859 523 895 et
554 853 754 909 lignum‘.2
795 868 877 908 quo
907 858 1032 908 pacto
1062 853 1192 894 verba
1222 868 1388 909 quoque
1420 853 1511 908 ipsa

329 921 442 963 inter
471 936 515 963 se
546 922 673 977 paulo
704 921 883 962 mutatis
914 926 1016 962 sunt
1047 921 1281 970 elementis,

330 1004 427 1032 cum
459 990 576 1046 ligna
607 995 736 1045 atque
767 989 889 1046 ignes
919 989 1123 1031 distincta
1153 1004 1253 1031 voce
1283 994 1491 1031 notemus,

330 1059 514 1114 denique
545 1059 631 1100 iam
663 1073 956 1114 quaecumque
987 1058 1032 1099 in
1062 1058 1188 1099 rebus
1219 1057 1356 1099 cernis
1385 1057 1546 1113 apertis

329 1127 365 1168 si
395 1126 488 1168 fieri
517 1141 602 1167 non
633 1141 755 1181 posse
786 1132 924 1181 putas,
956 1126 1060 1181 quin
1090 1126 1288 1167 materiai

330 1210 501 1251 corpora
531 1195 741 1237 consimili
771 1201 927 1236 natura
956 1194 1152 1250 praedita
1181 1195 1329 1250 fingas,

330 1264 409 1305 hac
438 1264 602 1305 ratione
632 1263 715 1305 tibi
743 1268 926 1319 pereunt
956 1262 1187 1318 primordia
1216 1277 1381 1304 rerum:

330 1333 406 1374 fiet
436 1332 503 1373 uti
532 1332 621 1373 risu
651 1332 835 1373 tremulo
865 1346 1066 1373 concussa
1097 1331 1351 1373 cachinnent

331 1407 377 1444 et
406 1401 590 1442 lacrimis
619 1401 740 1442 salsis
770 1406 992 1442 umectent
1022 1416 1094 1442 ora
1122 1415 1349 1457 genasque.

389 1470 517 1511 Nunc
547 1483 626 1525 age
657 1468 770 1525 quod
800 1475 993 1524 superest
1023 1483 1225 1524 cognosce
1255 1474 1299 1509 et
1330 1467 1482 1509 clarius
1513 1467 1623 1508 audi.

330 1553 409 1580 nec
438 1553 506 1579 me
537 1537 670 1579 animi
701 1537 811 1578 fallit
842 1552 970 1592 quam
1001 1537 1088 1578 sint
1118 1537 1294 1578 obscura
1311 1552 1320 1587 ;
1359 1536 1432 1577 sed
1463 1535 1548 1577 acri

331 1607 541 1663 percussit
571 1607 718 1662 thyrso
750 1606 887 1648 laudis
918 1621 1012 1662 spes
1043 1621 1199 1662 magna
1229 1621 1373 1647 meum
1404 1620 1472 1646 cor

333 1682 378 1718 et
407 1676 535 1718 simul
566 1675 747 1717 incussit
778 1689 952 1716 suavem
985 1674 1044 1715 mi
1074 1675 1119 1715 in
1150 1680 1301 1729 pectus
1330 1688 1517 1714 amorem

331 1759 563 1793 musarum,
594 1758 678 1798 quo
709 1757 822 1784 nunc
852 1742 1083 1783 instinctus
1114 1748 1259 1783 mente
1292 1742 1455 1797 vigenti

332 1812 428 1854 avia
458 1811 676 1853 Pieridum
707 1825 884 1867 peragro
916 1811 1006 1852 loca
1034 1810 1194 1851 nullius
1225 1815 1325 1851 ante

332 1881 438 1923 trita
466 1881 562 1922 solo
623 1880 744 1921 iuvat
775 1880 964 1935 integros
993 1878 1192 1920 accedere
1224 1878 1353 1919 fontis

333 1955 463 2005 atque
495 1949 676 1998 haurire,
707 1949 912 2003 iuvatque
943 1963 1071 1989 novos
1103 1948 1326 2003 decerpere
1357 1946 1479 1987 flores

334 2018 632 2074 insignemque
663 2031 758 2058 meo
789 2016 920 2071 capiti
950 2022 1097 2071 petere
1128 2015 1227 2056 inde
1260 2029 1454 2056 coronam

334 2088 447 2129 unde
476 2087 595 2143 prius
624 2085 733 2127 nulli
764 2085 946 2126 velarint
976 2090 1170 2139 tempora
1199 2098 1345 2124 musae
1361 2099 1370 2133 3

333 2156 520 2212 primum
551 2155 663 2210 quod
693 2154 860 2210 magnis
889 2154 1016 2195 doceo
1047 2153 1099 2194 de
1130 2152 1257 2194 rebus
1288 2157 1332 2193 et
1363 2151 1466 2192 artis

335 2224 588 2280 religionum
620 2223 812 2264 animum
842 2222 963 2263 nodis
995 2221 1209 2262 exsolvere
1240 2234 1381 2275 pergo,

335 2292 488 2334 deinde
520 2292 632 2347 quod
663 2291 839 2332 obscura
868 2290 921 2331 de
951 2305 996 2331 re
1027 2295 1116 2330 tam
1148 2288 1288 2329 lucida
1317 2301 1457 2342 pango

336 2361 534 2411 carmina,
565 2375 737 2401 musaeo
767 2359 1017 2415 contingens
1048 2363 1201 2399 cuncta
1230 2357 1381 2411 lepore.

337 2429 382 2471 id
412 2444 579 2484 quoque
611 2429 725 2470 enim
756 2443 841 2469 non
871 2428 924 2469 ab
954 2427 1073 2468 nulla
1102 2426 1266 2468 ratione
1297 2425 1495 2474 videtur;

337 2497 412 2539 sed
441 2496 576 2538 veluti
605 2496 749 2552 pueris
779 2496 994 2538 absinthia
1024 2500 1163 2537 taetra
1192 2494 1412 2535 medentes

339 2581 437 2607 cum
467 2565 567 2606 dare
597 2571 815 2614 conantur,
845 2564 964 2620 prius
994 2578 1086 2606 oras
1116 2563 1269 2618 pocula
1298 2562 1455 2604 circum

1724 384 1805 427 905

1725 726 1811 770 910

1726 1067 1807 1111 915

1726 1410 1814 1453 920

1729 1748 1811 1792 925

1728 2091 1815 2134 930

1727 2431 1809 2476 935

731 2738 793 2770 909
817 2740 1050 2770 contineantur
1072 2737 1218 2777 Nauger.
1242 2736 1294 2768 for
1324 2738 1568 2775 centimanum,
1593 2733 1680 2765 after
1709 2733 1808 2767 Pont.

494 2792 546 2823 for
582 2791 752 2823 Victorius
790 2791 827 2822 in
864 2791 918 2822 his
956 2791 1024 2822 2nd
1061 2800 1147 2832 copy
1183 2791 1220 2821 of
1255 2790 1338 2823 Ven.
1381 2799 1490 2821 seems
1526 2790 1562 2819 to
1598 2787 1706 2828 imply
1734 2787 1813 2819 that

1156 2845 1218 2877 912
1235 2849 1265 2875 et
1281 2844 1309 2874 B
1326 2853 1410 2876 corr.
1431 2842 1527 2874 Wak.
1544 2842 1596 2873 for
1612 2852 1638 2873 e.

877 2897 938 2929 919
955 2898 1006 2927 uti
1021 2897 1093 2927 risu
1108 2897 1243 2927 tremulo
1259 2895 1351 2927 Nice.
1369 2895 1421 2926 for
1436 2896 1536 2926 utirz's
1552 2898 1590 2925 ut
1606 2894 1742 2925 aemulo.

292 2953 354 2984 932
371 2953 527 2982 animum.
572 2953 696 2982 animos
712 2950 831 2981 Lamb.
850 2949 973 2981 Creech
989 2950 1073 2981 after
1088 2949 1291 2980 Lactantius
1306 2949 1387 2980 inst.
1405 2957 1418 2978 1
1434 2948 1485 2979 16.
1531 2946 1611 2978 Pius
1627 2955 1704 2986 says
1723 2947 1812 2977 ‘mo-

1750 2842 1813 2874 918
