1997 3267
960 165 995 205 V
1692 179 1775 224 247

286 285 321 312 SI
352 284 448 312 FUIT
476 284 530 311 U'r
559 283 770 310 FACERENT
799 283 874 310 SED
902 282 972 308 le
1003 282 1197 310 ADDUCOR
1225 283 1280 310 U'r
1308 283 1414 311 ANTE

286 349 368 377 NON
397 349 594 383 QUIERINT
623 348 753 375 ANIMO
784 347 1063 374 PRAESENTlRE
1091 348 1226 382 ATQUE
1255 349 1408 376 VIDERE

286 413 400 448 QUAM
429 413 630 442 COMMUNE
659 413 803 440 MALUM
834 413 982 439 FIERET
1011 413 1262 448 FOEDUMQUE
1291 415 1488 443 FUTURUM

286 478 336 505 ΕΤ
365 477 490 504 MAGIS
521 478 563 504 1D
594 477 721 504 POSSIS
751 476 915 503 FACTUM
944 477 1213 505 CONTENDERE
1243 479 1287 506 IN
1316 479 1417 506 OMNI

285 543 330 570 IN
358 542 495 569 VARIIS
524 542 681 570 MUND1s
712 541 840 568 VARIA
869 541 1046 568 RATIONE
1075 543 1241 570 CREATIS
1668 548 1771 592 1345

286 607 401 642 QUAM
429 607 558 635 CERTO
587 607 722 640 ATQUE
751 607 835 634 UNO
863 607 1085 634 TERRARUM
1116 608 1315 642 QUOLIBET
1343 610 1438 637 ORBI

287 662 362 704 sed
393 662 529 703 facere
560 660 605 702 id
635 675 720 703 non
751 666 840 702 tam
873 660 1072 703 vincendi
1103 676 1177 718 spe
1208 663 1448 715 voluerunt,

287 745 416 787 quam
447 730 548 772 dare
579 729 692 786 quod
722 735 945 786 gemerent
976 730 1132 782 hostes,
1162 731 1330 788 ipsique
1360 733 1510 789 perire,

286 798 362 856 qui
392 813 570 840 numero
601 797 854 840 diffidebant
884 798 1099 854 armisque
1131 800 1350 843 vacabant.

346 867 515 910 Nexilis
546 873 647 910 ante
678 867 762 909 fuit
793 867 923 909 vestis
955 882 1084 923 quam
1117 869 1269 911 textile
1300 875 1486 927 tegmen.
1666 883 1775 928 1350

287 938 439 981 textile
469 943 566 994 post
596 937 809 987 ferrumst‚
841 937 943 993 quia
973 938 1082 980 ferro
1114 938 1201 980 tela
1230 945 1419 995 paratur,

287 1022 364 1050 nec
393 1006 559 1050 ratione
589 1006 675 1048 alia
704 1012 884 1062 possunt
916 1012 1005 1048 tam
1037 1007 1148 1049 levia
1178 1007 1299 1065 gigni

285 1076 429 1119 insilia
456 1091 506 1119 ac
537 1077 622 1118 fusi
652 1076 761 1118 radii
791 1076 993 1132 scapique
1024 1083 1235 1120 sonantes.

284 1151 330 1189 et
360 1145 496 1188 facere
527 1152 629 1187 ante
660 1145 771 1187 viros
802 1145 944 1186 lanam
976 1151 1132 1188 natura
1162 1147 1303 1204 coegit

285 1229 415 1272 quam
446 1215 655 1257 muliebre
685 1229 845 1271 genus;
885 1230 984 1257 nam
1017 1216 1141 1272 longe
1172 1222 1363 1272 praestat
1393 1217 1438 1259 in
1469 1223 1562 1260 arte
1665 1231 1768 1273 1355

285 1290 331 1327 et
359 1283 574 1327 sollertius
606 1290 672 1327 est
702 1285 841 1327 multo
871 1299 1008 1341 genus
1039 1300 1164 1327 omne
1194 1286 1340 1337 virile;

283 1353 492 1410 agricolae
523 1353 657 1396 donec
687 1354 793 1396 vitio
825 1361 991 1397 vertere
1021 1355 1169 1405 severi,

283 1428 335 1465 ut
364 1422 648 1465 muliebribus
678 1423 722 1465 id
752 1423 953 1465 manibus
983 1424 1212 1466 concedere
1243 1425 1404 1468 vellent

283 1496 415 1548 atque
445 1491 528 1548 ipsi
558 1492 719 1548 pariter
749 1492 905 1534 durum
937 1493 1114 1536 sufferre
1146 1494 1332 1536 laborem

284 1566 415 1618 atque
445 1576 571 1618 opere
602 1561 648 1604 in
678 1562 785 1604 duro
815 1562 1021 1605 durarent
1052 1563 1246 1606 membra
1275 1579 1522 1621 manusque.
1664 1567 1774 1620 1360

341 1630 403 1672 At
432 1629 649 1686 specimen
680 1631 858 1673 sationis
888 1637 933 1673 et
964 1631 1180 1674 insitionis
1210 1632 1326 1688 origo

282 1697 376 1755 ipsa
406 1698 490 1741 fuit
519 1714 663 1741 rerum
694 1699 882 1756 primum
913 1706 1069 1742 natura
1099 1701 1294 1750 creatrix,

283 1766 506 1809 arboribus
536 1768 737 1824 quoniam
770 1769 899 1811 bacae
929 1769 1193 1826 glandesque
1224 1770 1408 1813 caducae

284 1837 544 1893 tempestiva
574 1837 737 1879 dabant
767 1838 982 1893 pullorum
1013 1839 1212 1881 examina
1241 1845 1414 1896 supter;

284 1906 400 1949 unde
431 1907 563 1949 etiam
595 1906 814 1949 libitumst
844 1907 991 1964 stirpis
1022 1909 1292 1951 committere
1322 1910 1452 1952 ramis
1665 1913 1767 1965 1365

283 1980 329 2018 et
357 1989 469 2017 nova
497 1973 695 2017 defodere
726 1975 772 2016 in
803 1981 960 2017 terram
992 1976 1182 2032 virgulta
1211 1991 1288 2032 per
1317 1992 1448 2034 agros.

283 2044 384 2086 inde
414 2044 543 2087 aliam
574 2050 705 2100 atque
736 2044 865 2086 aliam
896 2045 1109 2087 culturam
1139 2046 1276 2088 dulcis
1306 2047 1435 2102 agelli

286 2112 559 2168 temptabant
590 2112 840 2168 fructusque
871 2113 980 2155 feros
1010 2128 1304 2157 mansuescere
1335 2121 1493 2158 terram

284 2182 518 2224 cernebant
547 2181 810 2239 indulgendo
840 2182 1082 2239 blandeque
1113 2183 1298 2226 colendo.

283 2251 415 2307 inque
444 2251 537 2294 dies
566 2251 705 2309 magis
735 2252 781 2293 in
811 2257 1003 2295 montem
1033 2252 1257 2294 succedere
1287 2253 1415 2297 silvas
1663 2267 1773 2311 1370

284 2319 495 2377 cogebant
524 2320 721 2376 infraque
752 2321 891 2363 locum
922 2321 1150 2363 concedere
1181 2321 1320 2372 cultis,

284 2395 410 2445 prata
439 2389 557 2431 lacus
587 2389 704 2431 rivos
733 2395 902 2446 segetes
932 2389 1163 2445 vinetaque
1193 2389 1308 2432 laeta

170 2605 224 2640 29.
356 2604 440 2637 1340
454 2606 566 2645 facta.
605 2607 687 2647 fata
702 2606 731 2638 B
747 2616 832 2640 corr.
848 2606 974 2640 Lach.:
1004 2607 1064 2640 but
1080 2616 1135 2639 see
1149 2609 1249 2640 notes
1264 2609 1296 2640 2.
1431 2610 1646 2644 1341—1346
1662 2613 1770 2646 Lach.

169 2659 277 2701 iustly
291 2659 396 2701 eiects
410 2658 470 2690 the
485 2659 553 2691 last
568 2658 666 2691 three
681 2660 717 2692 of
737 2659 833 2693 these
847 2670 960 2692 verses
975 2670 1013 2692 as
1029 2660 1088 2693 the
1108 2661 1201 2693 work
1222 2662 1260 2694 of
1282 2671 1327 2694 an
1348 2662 1589 2704 interpolator;
1613 2665 1674 2698 but
1694 2667 1722 2699 it
1742 2667 1773 2700 is

170 2723 216 2747 no
237 2714 307 2747 less
328 2713 458 2746 certain
481 2713 560 2746 that
581 2713 641 2746 the
663 2714 738 2746 first
760 2715 855 2748 three
878 2726 936 2748 are
959 2715 1107 2748 likewise
1131 2716 1308 2758 spurious;
1340 2719 1380 2750 Si
1403 2720 1478 2759 fuit
1507 2724 1545 2751 ut
1567 2721 1722 2761 facerent
1743 2723 1773 2756 is

170 2768 350 2810 obviously
371 2778 393 2801 a
415 2770 590 2800 comment
612 2779 659 2801 on
683 2770 749 2801 Sed
764 2771 880 2811 facere
903 2772 941 2802 id
963 2781 1028 2802 non
1050 2775 1119 2802 tam
1140 2773 1205 2804 cet.
1252 2771 1360 2803 Lach.
1384 2774 1420 2805 to
1449 2773 1550 2806 make
1579 2783 1677 2808 sense
1703 2777 1774 2810 and

169 2833 344 2865 grammar
357 2823 388 2855 is
402 2823 590 2863 compelled
605 2825 641 2856 to
656 2824 737 2856 read.
753 2826 810 2856 Sic
820 2826 894 2866 fuit
909 2825 992 2857 with
1009 2825 1095 2857 Mar.
1106 2825 1181 2858 Ald.
1203 2826 1221 2857 1
1238 2825 1259 2857 J
1261 2827 1333 2859 unt.
1350 2825 1471 2860 Lamb.
1486 2828 1540 2860 for
1556 2829 1596 2860 Si
1605 2830 1691 2871 fuit,
1704 2831 1773 2864 and

169 2880 208 2911 to
222 2881 403 2918 transpose
420 2877 504 2909 1342
519 2877 590 2910 and
607 2878 708 2910 1343:
734 2889 787 2911 see
803 2879 920 2912 Camb.
939 2880 1060 2911 Journ.
1077 2881 1113 2911 of
1128 2880 1214 2921 phil.
1231 2890 1267 2914 1v
1281 2891 1314 2923 p.
1334 2882 1414 2914 288:
1439 2882 1642 2916 1345=528.

215 2933 298 2976 1351
323 2934 390 2965 tela
407 2938 563 2974 paratur.
614 2935 680 2965 tela
698 2940 868 2975 parantur
883 2935 1003 2967 Lamb.
1021 2936 1219 2976 perversely.
1358 2937 1442 2969 1368
1463 2943 1584 2970 terram
1598 2939 1703 2972 Lach.
1720 2941 1773 2973 for
