1997 3267
257 177 339 227 278
1033 173 1096 214 VI

371 288 416 325 et
446 282 602 339 quibus
633 281 780 324 efflant
812 281 950 324 causis
980 288 1158 338 apparet
1191 282 1336 339 origo;

368 353 498 394 ianua
526 366 580 394 ne
612 351 719 393 forte
750 350 816 393 his
847 351 949 394 Orci
978 351 1225 408 regionibus
1258 366 1348 394 esse

369 421 578 470 credatur,
608 426 705 477 post
736 420 835 463 hinc
866 421 1032 463 animas
1063 421 1324 463 Acheruntis
1355 421 1397 463 in
1430 437 1523 465 oras

369 490 523 532 ducere
555 490 663 531 forte
693 489 794 531 deos
826 489 964 530 manis
989 489 1159 544 ‘inferne
1191 503 1371 538 reamur,

370 559 546 601 naribus
575 559 764 616 alipedes
795 565 846 601 ut
877 558 990 601 cervi
1020 573 1147 615 saepe
1179 565 1390 614 putantur
1777 562 1856 614 765

369 628 523 670 ducere
554 627 608 670 de
639 627 814 670 latebris
845 627 1062 682 serpentia
1093 627 1232 670 saecla
1263 628 1458 670 ferarum.

368 697 481 752 quod
511 697 657 753 procul
688 712 714 738 a
745 712 843 739 vera
874 712 1003 753 quam
1034 697 1092 739 sit
1121 697 1286 739 ratione
1317 697 1536 753 repulsum

368 766 563 823 percipe;
602 781 701 808 nam
734 766 788 809 de
818 782 863 809 re
895 781 1009 808 nunc
1040 766 1133 823 ipsa
1163 766 1303 809 dicere
1333 782 1468 809 conor.

426 835 639 891 Principio
670 836 748 877 hoc
779 835 884 886 dico,
915 835 1029 891 quod
1060 835 1150 877 dixi
1181 851 1308 892 saepe
1340 851 1509 892 quoque
1542 843 1656 887 ante,

368 904 413 946 in
444 910 557 946 terra
586 904 793 960 cuiusque
825 904 940 946 modi
971 919 1113 946 rerum
1145 919 1238 946 esse
1267 904 1451 961 figuras3
1775 917 1860 960 770

369 973 519 1022 multa,
550 973 645 1014 cibo
676 988 785 1029 quae
816 978 930 1023 sunt,
961 973 1121 1022 vitalia,
1153 973 1390 1030 multaque,
1421 974 1589 1016 morbos

369 1041 562 1083 incutere
593 1046 638 1082 et
669 1047 851 1083 mortem
883 1056 992 1097 quae
1024 1041 1188 1096 possint
1219 1041 1470 1084 adcelerare.

368 1116 413 1153 et
443 1110 580 1168 magis
611 1125 702 1152 esse
733 1110 828 1152 aliis
858 1110 963 1152 alias
993 1111 1288 1153 animantibus
1318 1117 1442 1167 aptas

368 1195 434 1222 res
463 1180 519 1222 ad
550 1180 655 1222 vitai
686 1180 896 1222 rationem
930 1181 1197 1223 ostendimus
1229 1187 1330 1222 ante

367 1255 541 1305 propter
571 1249 822 1292 dissimilem
854 1255 1054 1292 naturam
1084 1249 1389 1306 dissimilisque
1774 1260 1854 1304 775

369 1325 563 1361 texturas
593 1319 707 1361 inter
737 1334 827 1361 sese
859 1319 1102 1375 primasque
1134 1319 1304 1376 figuras.

367 1389 507 1430 multa
537 1394 683 1430 meant
713 1388 888 1430 inimica
918 1403 992 1444 per
1023 1388 1149 1438 auris,
1183 1389 1322 1430 multa
1352 1402 1428 1444 per
1459 1388 1572 1444 ipsas

368 1457 590 1500 insinuant
621 1458 735 1500 naris
766 1459 924 1501 infesta
953 1464 1085 1514 atque
1116 1473 1265 1514 aspera
1296 1458 1425 1507 iactu,

368 1542 446 1569 nec
477 1533 579 1569 sunt
610 1527 750 1569 multa
779 1543 929 1583 parum
966 1533 1085 1569 tactu
1117 1528 1296 1570 vitanda
1326 1543 1465 1584 neque
1497 1534 1644 1570 autem

367 1601 543 1652 aspectu
576 1596 780 1653 fugienda
809 1611 1042 1652 saporeque
1074 1597 1217 1638 tristia
1247 1612 1356 1652 quae
1388 1598 1486 1640 sint.
1772 1600 1857 1651 780

428 1665 597 1707 Deinde
629 1665 773 1707 videre
804 1665 906 1707 licet
936 1680 1065 1721 quam
1097 1666 1259 1707 multae
1291 1666 1378 1707 sint
1410 1666 1573 1708 homini
1603 1681 1670 1709 res

368 1733 524 1775 acriter
553 1733 709 1775 infesto
740 1748 866 1776 sensu
898 1748 1161 1789 spurcaeque
1192 1748 1453 1790 gravesque;

369 1801 589 1843 arboribus
619 1802 806 1858 primum
838 1802 965 1844 certis
995 1802 1136 1859 gravis
1168 1801 1321 1844 umbra
1352 1803 1519 1845 tributa

371 1885 506 1926 usque
537 1871 655 1921 adeo,
686 1871 841 1927 capitis
871 1871 1030 1913 faciant
1062 1878 1112 1913 ut
1143 1886 1269 1928 saepe
1301 1871 1477 1923 dolores,

368 1941 501 1997 siquis
532 1956 603 1984 eas
634 1948 783 1998 supter
812 1941 946 1983 iacuit
976 1947 1215 1998 prostratus
1246 1942 1287 1984 in
1322 1942 1477 1986 herbis,
1771 1946 1851 1998 785

368 2017 434 2053 est
465 2011 595 2054 etiam
626 2011 794 2068 magnis
827 2011 1047 2053 Heliconis
1078 2011 1298 2054 montibus
1328 2011 1451 2054 arbos

255 2193 426 2224 structure
441 2191 480 2224 of
501 2191 560 2224 the
576 2195 735 2224 sentence
751 2191 877 2233 calling
898 2193 950 2224 for
965 2203 985 2224 a
1002 2192 1227 2233 subjunctive.
1317 2193 1380 2228 761
1397 2196 1507 2235 efflant
1523 2194 1633 2226 causis
1648 2193 1754 2227 Lech.
1771 2195 1825 2228 for
1839 2206 1856 2228 e

245 2247 335 2287 fiant
360 2248 487 2278 causis:
520 2246 668 2287 perhaps
695 2248 826 2288 ecflant.
872 2258 888 2279 e
915 2249 1024 2279 causis
1046 2249 1138 2289 fiant
1164 2249 1256 2281 Flor.
1283 2249 1324 2281 31
1351 2248 1470 2282 Gamb.
1502 2251 1521 2281 3
1552 2249 1630 2283 Vat.
1654 2250 1740 2284 Mar.
1764 2252 1854 2292 vulg.

254 2301 382 2342 rightly
397 2301 555 2343 perhaps.
753 2303 816 2335 762
832 2313 870 2334 ne
881 2303 971 2344 sorte
989 2304 1040 2334 his
1056 2303 1121 2335 Ed.
1138 2304 1191 2335 for
1206 2314 1246 2336 ne
1259 2307 1379 2345 poteis.
1426 2315 1466 2336 ne
1477 2306 1571 2346 potis
1587 2306 1616 2337 A
1632 2315 1716 2340 corr.
1737 2307 1830 2341 Nice.
1845 2317 1854 2340 ε

253 2357 403 2398 perhaps
426 2359 455 2388 is
479 2356 604 2388 should
626 2357 667 2389 be
689 2356 853 2389 retained.
894 2359 1006 2399 puteis
1030 2357 1178 2392 Turneb.
1226 2359 1344 2391 Puteis
1366 2359 1471 2391 Lach.
1495 2359 1519 2391 i.
1531 2369 1560 2392 e.
1584 2359 1817 2404 Puteolanisr
1835 2372 1855 2396 a

256 2412 351 2452 quite
373 2411 602 2452 unexampled
623 2412 723 2449 form,
746 2411 816 2443 and
835 2414 897 2443 not
921 2412 938 2443 I
955 2411 1055 2444 think
1072 2412 1182 2444 suited
1204 2415 1239 2444 to
1256 2412 1314 2445 the
1330 2416 1479 2446 context.
1525 2424 1564 2446 ne
1576 2417 1689 2454 potius
1705 2416 1796 2449 FIor.
1813 2418 1854 2450 31

255 2465 372 2498 Gamb.
389 2467 409 2496 2
426 2465 503 2498 Vat.
521 2466 605 2498 Mar.
622 2469 704 2499 ete:
727 2465 834 2498 hence
850 2466 971 2498 Lamb.
988 2477 1028 2498 ne
1045 2468 1096 2498 his
1115 2468 1193 2499 Orci
1205 2469 1328 2508 potius.
1375 2477 1415 2499 ne
1426 2469 1540 2509 posita
1557 2469 1623 2500 hiis
1638 2468 1737 2502 Wak.

300 2520 362 2554 763
375 2525 452 2561 post
466 2521 552 2552 hinc.
594 2525 704 2560 posta,
722 2521 798 2552 hinc
815 2520 902 2552 Mar.
919 2520 1017 2552 Junt.
1034 2521 1154 2553 Lamb.
1175 2525 1239 2553 etc.
1443 2521 1507 2555 764
1522 2523 1650 2563 inferne
1665 2523 1786 2556 Lamb.
1803 2525 1854 2557 for

255 2576 401 2616 inferna.
578 2575 641 2608 768
658 2585 735 2606 nam
750 2577 790 2607 de
806 2585 840 2607 re
858 2586 943 2607 nnnc
960 2578 1034 2616 ipsa
1048 2575 1090 2607 B.
1137 2577 1175 2608 de
1191 2586 1226 2608 re
1243 2585 1308 2608 om.
1331 2576 1377 2608 A:
1401 2575 1511 2609 hence
1527 2577 1672 2610 omitted
1687 2588 1727 2610 or
1741 2581 1853 2612 trans-

255 2628 359 2669 posed
375 2628 412 2659 in
427 2629 514 2660 later
528 2637 611 2660 mss.
657 2639 796 2669 namque
814 2631 885 2670 ipsa
903 2630 942 2661 de
958 2640 992 2661 re
1009 2630 1097 2670 vulg.
1235 2631 1297 2663 771
1314 2632 1386 2662 cibo
1403 2640 1488 2671 quae
1503 2636 1582 2663 sunt
1597 2631 1694 2666 Wak.
1710 2632 1785 2666 first
1800 2634 1852 2666 for

255 2684 327 2715 cibo
343 2693 422 2724 eque
437 2688 524 2715 sunt.
573 2683 697 2716 homini
713 2694 797 2724 quae
812 2689 890 2715 sunt
904 2684 1025 2716 Lamb.
1042 2687 1106 2715 etc.
1283 2685 1345 2717 777
1362 2686 1455 2716 auris
1471 2684 1557 2716 Mar.
1576 2685 1656 2727 (acc.
1674 2687 1711 2719 to
1726 2686 1852 2720 Victor.

256 2736 318 2769 but
333 2740 396 2769 not
411 2736 448 2768 in
464 2739 545 2777 ωε.)
561 2737 636 2770 Ald.
658 2738 675 2769 1
692 2738 713 2769 J
716 2739 790 2769 unt.
807 2738 859 2769 for
874 2749 987 2770 auras.
1136 2739 1199 2771 778
1215 2748 1334 2779 aspera
1349 2740 1442 2770 iactu
1458 2738 1522 2772 Ed.
1539 2739 1595 2771 for
1609 2750 1728 2781 aspera
1743 2746 1852 2774 tactu:

257 2792 376 2830 iacere,
397 2792 546 2823 adiectus
569 2801 625 2823 are
648 2791 808 2833 specially
825 2791 900 2823 said
922 2792 959 2823 of
980 2791 1088 2829 smell‚
1113 2801 1152 2823 as
1175 2801 1203 2823 11
1226 2793 1289 2824 846
1312 2802 1348 2823 1v
1371 2792 1454 2825 673:
1478 2802 1588 2834 comp.
1608 2794 1682 2827 also
1704 2804 1733 2826 11
1756 2795 1851 2829 1047.

257 2846 370 2879 Bentl.
389 2845 528 2878 defends
549 2851 651 2884 tactu,
672 2846 818 2887 perhaps
840 2846 978 2887 rightly.
1023 2857 1143 2887 aspera
1163 2848 1287 2879 adactu
1307 2847 1430 2879 Lach.:
1455 2847 1517 2880 but
1539 2850 1664 2880 adactu
1683 2848 1818 2891 implies
1833 2860 1856 2883 a

258 2900 386 2932 violent
401 2899 516 2932 thrust
531 2909 569 2931 or
583 2900 692 2938 effort,
710 2910 747 2932 as
763 2901 797 2932 of
812 2910 832 2932 a
847 2910 996 2941 weapon‚
1017 2910 1037 2932 a
1053 2900 1161 2932 tooth.
1207 2902 1302 2933 odore
1318 2901 1438 2933 Lamb.
1456 2902 1507 2935 ed.
1528 2903 1548 2933 2
1563 2903 1633 2935 and
1648 2905 1679 2935 3.

301 2955 364 2987 780
381 2956 493 2986 tristia
510 2954 600 2986 Flor.
618 2955 659 2986 31
676 2955 793 2987 Camb.
812 2955 904 2987 Mon.
923 2955 999 2987 Ver.
1017 2955 1102 2986 Ven.
1120 2956 1173 2987 for
1189 2958 1344 2988 tristitia.
1477 2959 1540 2990 788
1556 2959 1630 2990 ideo
1647 2960 1744 2990 ter-ris
1767 2959 1851 2992 Mar.

1979 1820 1997 1918 i

1981 1930 1988 1951 ι

1981 1958 1994 1994 ὃ
