1997 3267
898 196 920 236 1
1637 210 1687 253 53

209 306 455 348 confirmare
487 305 618 347 animi
651 304 879 360 quicquam
909 304 1074 345 ratione
1106 319 1324 359 queamus.
1601 317 1682 360 425

208 380 302 417 tum
333 390 456 430 porro
486 375 602 416 105115
632 389 681 415 55
711 373 911 428 spatium,
943 373 1054 428 quod
1085 372 1212 414 inane
1243 387 1453 422 vocamus,

208 443 244 484 si
274 443 440 484 nullum
471 443 589 491 foret,
621 442 727 482 haut
757 455 938 495 usquam
970 441 1053 482 sita
1083 455 1255 496 corpora
1284 447 1457 497 possent

209 525 299 552 esse
330 525 468 565 neque
499 509 670 551 omnino
701 523 914 564 quoquam
946 509 1112 550 diversa
1143 524 1312 560 meare3

208 578 252 619 id
282 578 395 633 quod
424 578 510 618 iam
541 591 694 632 supera
724 576 804 617 tibi
835 576 962 631 paulo
994 576 1259 618 ostendimus
1289 583 1400 619 ante.

208 650 430 700 praeterea
458 644 519 685 nil
552 649 616 685 est
647 643 760 698 quod
791 643 924 698 possis
955 643 1094 685 dicere
1124 644 1178 685 ab
1210 645 1325 685 omni
1604 657 1691 696 430

209 729 378 769 corpore
408 713 650 755 seiunctum
682 717 979 767 secretumque
1011 726 1100 752 esse
1132 713 1186 753 ab
1217 712 1348 761 inani,

209 782 322 838 quod
353 781 474 837 quasi
503 780 634 822 tertia
663 780 720 821 sit
751 794 928 821 numero
959 786 1115 820 natura
1145 786 1326 835 reperta.

207 865 307 891 nam
338 849 634 905 quodcumque
666 848 759 898 erit,
790 863 880 889 esse
912 848 1075 904 aliquid
1109 849 1285 891 debebit
1316 849 1361 890 id
1392 849 1557 904 ipsum3

92 928 175 972 435
208 918 278 960 5111
307 918 343 960 51
372 923 514 959 taetus
546 917 628 958 erit
659 917 854 971 quamvis
886 916 992 957 levis
1024 917 1301 972 exiguusque,

93 1001 179 1042 434
209 987 410 1044 augmine
440 986 507 1028 vel
537 986 689 1042 grandi
720 986 787 1027 vel
817 1000 947 1041 parvo
979 986 1173 1041 denique,
1206 987 1310 1027 dum
1341 987 1410 1035 sit,
1603 996 1684 1038 435

209 1057 391 1113 corporis
420 1055 597 1112 augebit
627 1070 855 1096 numerum
888 1070 1184 1110 summamque
1216 1062 1430 1110 sequetur.

208 1125 275 1167 5111
304 1125 498 1167 intactile
530 1125 621 1174 erit,
655 1125 773 1166 nulla
804 1125 856 1166 de
887 1130 1009 1180 parte
1041 1125 1153 1179 quod
1184 1125 1316 1165 ullam

208 1209 298 1235 rem
329 1194 553 1249 prohibere
585 1198 716 1249 queat
746 1208 822 1249 per
852 1208 896 1234 55
928 1194 1107 1234 transire
1141 1198 1367 1241 meantem,

208 1262 368 1304 scilieet
399 1262 477 1303 hoc
507 1262 551 1303 id
583 1262 676 1312 erit,
707 1277 889 1303 vacuum
921 1262 1034 1317 quod
1065 1261 1191 1302 inane
1223 1275 1430 1302 vocamus.

207 1336 427 1386 praeterea
456 1345 532 1386 per
561 1345 605 1372 se
637 1331 934 1386 quodcumque
967 1331 1059 1380 erit,
1091 1335 1167 1371 aut
1199 1329 1326 1370 faciet
1357 1329 1460 1384 quid
1603 1341 1692 1380 440

208 1405 285 1441 aut
314 1399 410 1440 aliis
441 1399 561 1455 fungi
592 1398 767 1440 debebit
797 1399 1026 1455 agentibus
1057 1398 1197 1453 ipsum

207 1473 284 1510 aut
314 1468 407 1517 erit,
437 1472 488 1508 ut
518 1473 696 1523 possunt
726 1468 772 1509 in
803 1483 852 1509 eo
882 1483 948 1509 res
980 1483 1069 1509 esse
1100 1467 1286 1524 gerique.

210 1546 256 1582 at
287 1541 423 1582 faeere
454 1545 498 1582 et
530 1541 652 1597 fungi
683 1541 773 1582 sine
805 1556 976 1596 corpore
1007 1541 1126 1582 nulla
1156 1546 1298 1596 potest
1328 1555 1395 1582 res

210 1624 288 1652 1155
318 1609 521 1665 praebere
553 1610 691 1651 locum
723 1625 845 1665 porro
877 1610 959 1651 nisi
990 1609 1116 1650 inane
1148 1624 1396 1664 vacansque.

212 1692 310 1734 ergo
340 1683 510 1733 praeter
540 1677 667 1719 inane
699 1683 743 1719 et
774 1692 947 1733 corpora
978 1677 1109 1718 tertia
1139 1692 1214 1732 per
1245 1692 1288 1718 se
1606 1687 1687 1729 445

211 1747 330 1788 nulla
359 1752 503 1802 potest
534 1762 676 1788 rerum
708 1747 753 1788 in
783 1762 962 1788 numero
993 1754 1148 1787 natura
1178 1745 1375 1801 relinqui,

210 1829 289 1856 1155
320 1829 428 1870 quae
459 1815 538 1856 sub
569 1829 717 1856 sensus
749 1815 873 1855 eadat
906 1814 991 1854 ullo
1024 1820 1215 1868 tempore
1246 1818 1411 1854 nostros

209 1897 288 1923 nee
318 1882 483 1923 ratione
514 1882 647 1922 animi
679 1897 807 1937 quam
839 1881 1067 1937 quisquam
1098 1881 1232 1935 possit
1262 1880 1405 1935 apisci.

269 1950 383 1991 Nam
415 1965 709 2006 quaecumque
739 1950 895 1998 cluent,
928 1954 1004 1990 aut
1036 1949 1102 1989 his
1133 1948 1359 1989 coniuncta
1390 1947 1557 1989 duabus

210 2018 338 2060 rebus
369 2033 418 2060 ea
448 2018 640 2059 invenies
670 2023 746 2059 aut
778 2017 928 2058 horum
960 2022 1114 2058 eventa
1145 2016 1318 2057 videbis.
1608 2025 1694 2067 450

212 2087 488 2129 coniunctum
521 2091 586 2128 est
616 2086 661 2128 id
693 2086 805 2141 quod
835 2100 1046 2140 nusquam
1078 2085 1169 2126 sine
1200 2083 1433 2140 permitiali

211 2156 389 2198 discidio
419 2155 532 2210 potis
563 2160 628 2196 est
659 2154 828 2210 seiungi
858 2169 987 2208 seque
1018 2153 1196 2209 gregari,

211 2225 377 2280 pondus
406 2224 473 2265 uti
503 2224 645 2273 saxist,
677 2224 789 2264 calor
818 2223 941 2279 ignis,
972 2222 1110 2277 liquor
1139 2221 1276 2276 aquai.

215 2302 366 2329 morus
397 2302 646 2329 CORPORIBUS
675 2302 844 2328 55115115
876 2301 1070 2327 INTACTUS
1100 2300 1215 2326 INANI

98 2393 206 2422 notes.
338 2389 401 2420 428
418 2399 589 2429 quoquam.
611 2398 778 2429 quaquam
793 2388 878 2420 Ven.
896 2388 971 2419 A1d.
989 2388 1007 2419 1
1024 2387 1144 2419 Lamb.
1161 2389 1244 2420 eta:
1269 2386 1331 2418 but
1348 2396 1401 2418 see
1417 2387 1516 2417 notes
1532 2386 1564 2417 2.

97 2445 161 2476 435
176 2444 239 2475 434
254 2443 382 2484 rightly
397 2443 600 2484 transposed
614 2443 657 2483 by
672 2442 795 2476 Lach.:
821 2442 990 2474 centuries
1011 2442 1124 2473 before
1145 2441 1219 2472 him
1240 2441 1328 2473 Flor.
1350 2442 1391 2472 32
1413 2441 1450 2471 111
1471 2439 1605 2480 margin
1626 2439 1696 2472 had

99 2497 169 2529 this
191 2500 283 2536 note,
301 2497 452 2530 ‘videtur
473 2507 661 2538 proponere
684 2499 822 2529 tantum
845 2497 885 2528 de
909 2506 1054 2537 corpore,
1082 2495 1225 2527 dicendo
1248 2496 1410 2536 Anymz‘ne
1433 2496 1487 2526 vel
1509 2497 1590 2531 ete.;
1623 2504 1695 2526 non

99 2552 190 2584 enim
205 2552 413 2584 conveniunt
428 2551 488 2583 illa
504 2551 572 2583 nisi
588 2551 731 2592 corpori.
770 2561 848 2582 oum
865 2553 980 2582 tamen
997 2550 1037 2581 de
1048 2549 1145 2581 inani
1158 2559 1290 2589 quoque
1304 2548 1509 2580 intellexisse
1522 2551 1693 2589 appareat,

99 2615 140 2637 ex
153 2605 214 2638 illo
231 2606 295 2637 Sin
308 2607 462 2638 intactile
477 2607 543 2638 erit
558 2608 620 2637 eto.
639 2605 881 2637 advertendum
898 2604 1094 2644 diligentius
1105 2605 1125 2635 ’.
1172 2603 1270 2635 Then
1290 2605 1326 2635 at
1347 2604 1478 2634 bottom
1497 2606 1504 2619 ‘
1516 2602 1545 2633 si
1565 2603 1696 2643 legatur

98 2660 187 2692 Nam
202 2661 534 2701 quodcumque...0ui
550 2662 581 2691 si
598 2661 911 2699 tactus...Au9mine
928 2657 1356 2699 vel...00rp07vis...patebit
1373 2667 1484 2688 sermo
1496 2657 1514 2688 ⁵.
1631 2658 1694 2688 442

96 2719 242 2755 possunt.
268 2716 398 2755 possint
413 2714 503 2746 Flor.
518 2715 558 2746 31
575 2714 693 2746 Camb.
709 2716 771 2746 eto.
803 2715 820 2745 I
836 2724 911 2746 now
923 2714 1034 2746 retain
1047 2714 1105 2745 the
1116 2723 1180 2745 1115.
1193 2713 1349 2752 reading:
1371 2722 1424 2744 see
1436 2714 1534 2743 notes
1547 2713 1565 2742 2
1578 2714 1613 2743 to
1625 2711 1695 2743 this

99 2778 130 2799 v.
144 2767 211 2800 and
222 2777 251 2799 11
264 2768 324 2801 901
337 2769 389 2799 ita
400 2773 438 2799 ut
451 2769 577 2800 debent.
659 2769 721 2799 451
735 2778 906 2808 nusquam.
933 2777 1100 2808 nunquam
1112 2767 1188 2798 Ver.
1200 2766 1284 2797 Ven.
1298 2765 1367 2797 and
1380 2765 1450 2797 eds.
1464 2765 1577 2797 before
1588 2765 1694 2798 Laeh.

99 2822 267 2862 wrongly:
292 2831 401 2861 comp.
418 2821 503 2854 Aen.
523 2831 544 2852 v
564 2822 627 2853 852
648 2822 1060 2862 clavumque...Nusquam
1080 2822 1264 2858 amittebat,
1281 2820 1348 2851 and
1369 2819 1566 2859 Conington
1586 2819 1690 2852 there.

98 2876 283 2916 permitiali
299 2875 356 2905 AB
372 2874 518 2915 rightly:
543 2884 598 2906 see
614 2877 713 2906 notes
729 2876 760 2906 2.
801 2876 984 2915 perniciali
1000 2875 1088 2914 vulg.
1106 2873 1175 2905 and
1189 2873 1294 2906 Laeh.
1387 2873 1450 2904 453
1465 2874 1574 2904 saxist
1589 2872 1693 2905 Laeh.

100 2930 176 2960 saxi
191 2933 238 2960 est
249 2928 346 2960 Wak.
361 2929 413 2960 for
428 2930 532 2960 samis.
615 2929 678 2961 454
694 2928 798 2960 Laeh.
811 2928 875 2960 has
890 2928 1016 2968 proved
1031 2931 1067 2960 to
1082 2927 1123 2959 be
1140 2926 1307 2967 spurious,
1321 2935 1359 2958 as
1372 2935 1392 2958 a
1404 2925 1536 2957 nomin.
1549 2927 1694 2958 intactus
