1997 3267
207 198 284 238 182

208 2695 329 2730 amque
338 2690 453 2730 figmra
469 2688 590 2720 Lamb.
608 2688 658 2719 ed.
677 2689 707 2720 3.

209 2743 260 2774 for
276 2744 343 2775 Fit.

959 192 1024 233 IV

315 307 360 343 et
391 300 551 342 variare
581 300 675 341 viae
706 299 882 355 proinde
914 314 963 341 ac
993 304 1167 341 textura
1198 303 1372 342 coercet.

315 370 393 412 hoc
423 369 499 411 ubi
530 368 644 424 quod
674 383 804 410 suave
837 374 902 409 est
932 367 1027 408 aliis
1056 367 1152 408 aliis
1183 366 1233 408 fit
1263 381 1468 416 amarum,

316 438 389 488 illi,
421 437 490 479 cui
520 452 649 479 suave
680 442 757 486 est,
789 436 1002 478 levissima
1032 450 1203 490 corpora
1233 435 1393 476 debent

317 505 680 549 contractabiliter
710 505 853 546 caulas
883 504 1043 546 intrare
1074 503 1219 559 palati,

317 579 363 617 at
393 580 540 616 contra
570 573 726 629 quibus
757 578 821 614 est
853 572 1002 614 eadem
1033 586 1100 613 res
1130 572 1248 613 intus
1279 571 1440 620 acerba,

317 658 465 699 aspera
495 642 698 684 nimirum
730 646 959 696 penetrant
990 641 1249 695 hamataque
1281 641 1431 682 fauces.

316 727 429 754 nunc
461 711 582 753 facile
614 716 679 752 est
710 725 761 752 ex
793 710 859 751 his
889 710 1017 751 rebus
1048 724 1296 765 cognoscere
1327 723 1532 764 quaeque.

318 781 476 837 quippe
508 780 583 822 ubi
614 779 683 821 cui
714 779 841 821 febris
872 778 949 819 bili
980 784 1208 834 superante
1240 783 1383 819 coorta
1413 783 1477 819 est

317 856 392 891 aut
422 849 506 891 alia
535 849 701 890 ratione
732 847 918 903 aliquast
950 847 1014 889 vis
1046 847 1187 888 excita
1216 847 1364 897 morbi,

316 917 594 974 perturbatur
624 916 685 957 ibi
717 916 803 957 iam
834 921 976 957 totum
1008 930 1158 971 corpus
1190 920 1234 957 et
1265 929 1412 957 omnes

317 992 637 1029 commutantur
668 986 728 1027 ibi
758 985 974 1041 positurae
1006 984 1339 1040 principiorum3

318 1056 368 1097 fit
398 1056 516 1111 prius
547 1055 601 1096 ad
632 1069 803 1097 sensum
835 1059 881 1096 ut
911 1068 1020 1109 quae
1051 1068 1224 1108 corpora
1254 1052 1564 1095 conveniebant

318 1139 431 1165 nunc
461 1138 546 1165 non
578 1123 845 1171 conveniant,
876 1128 920 1164 et
951 1127 1092 1163 cetera
1122 1121 1209 1162 sint
1240 1121 1377 1177 magis
1408 1126 1520 1177 apta,

317 1207 426 1248 quae
457 1197 684 1248 penetrata
716 1196 882 1246 queunt
913 1205 1084 1232 sensum
1116 1189 1368 1245 progignere
1401 1190 1629 1242 acerbum3

317 1266 500 1316 utraque
532 1260 646 1302 enim
678 1265 779 1301 sunt
812 1259 857 1300 in
889 1259 1027 1300 mellis
1058 1258 1290 1300 commixta
1321 1272 1494 1314 sapore3

318 1329 363 1370 id
394 1329 506 1384 quod
537 1328 622 1370 iam
654 1342 807 1384 supera
839 1327 920 1369 tibi
952 1341 1077 1382 saepe
1108 1326 1374 1368 ostendimus
1404 1331 1514 1368 ante.

375 1398 504 1440 Nunc
534 1413 613 1454 age
646 1413 728 1453 quo
759 1404 883 1453 pacto
913 1397 1028 1438 naris
1059 1396 1251 1437 adiectus
1283 1395 1420 1437 odoris

317 1473 471 1522 tangat
501 1481 636 1522 agam.
696 1466 882 1521 primum
914 1480 980 1507 res
1011 1465 1170 1506 multas
1202 1478 1292 1505 esse
1324 1469 1536 1505 necessest

317 1537 432 1577 unde
464 1536 600 1577 fluens
631 1535 772 1576 volvat
804 1534 946 1575 varius
978 1549 1021 1575 se
1053 1533 1209 1575 fluctus
1241 1532 1426 1582 odorum,

317 1610 363 1647 et
393 1605 524 1646 fluere
556 1611 600 1646 et
630 1604 749 1646 mitti
780 1604 902 1659 volgo
933 1603 1160 1659 spargique
1191 1602 1499 1658 putandumst3

320 1688 469 1715 verum
500 1673 595 1715 aliis
625 1673 734 1714 alius
766 1672 901 1727 magis
932 1678 997 1714 est
1028 1672 1321 1713 animantibus
1351 1677 1478 1727 aptus

318 1741 536 1783 dissimilis
566 1747 740 1797 propter
770 1741 934 1782 formas.
995 1739 1175 1795 ideoque
1205 1755 1281 1795 per
1311 1754 1436 1781 auras

318 1811 454 1852 mellis
485 1825 585 1866 apes
617 1809 811 1865 quamvis
842 1810 965 1866 longe
996 1809 1214 1850 ducuntur
1243 1809 1380 1859 odore,

318 1879 576 1935 volturiique
608 1878 893 1920 cadaveribus.
940 1884 1034 1920 tum
1066 1878 1164 1919 fissa
1195 1879 1379 1920 ferarum

317 1949 479 2005 ungula
509 1963 593 2004 quo
624 1948 773 1990 tulerit
803 1962 995 2004 gressum
1027 1947 1233 2003 promissa
1263 1962 1417 1989 canum
1449 1947 1512 1989 vis

319 2018 450 2068 ducit,
482 2023 526 2059 et
558 2018 793 2059 humanum
828 2017 951 2073 longe
983 2017 1220 2072 praesentit
1251 2016 1420 2058 odorem

322 2086 645 2128 Romulidarum
677 2086 784 2127 arcis
814 2091 1003 2126 servator
1034 2085 1240 2126 candidus
1271 2099 1402 2126 anser.

320 2154 378 2196 sic
408 2154 502 2196 aliis
533 2154 641 2195 alius
672 2154 794 2194 nidor
823 2153 951 2194 datus
982 2153 1036 2194 ad
1067 2167 1143 2194 sua
1174 2166 1388 2208 quemque

320 2221 477 2277 pabula
507 2221 628 2263 ducit
659 2228 703 2263 et
733 2237 758 2262 a
789 2227 927 2262 taetro
957 2221 1119 2262 resilire
1152 2235 1314 2262 veneno

321 2289 446 2345 cogit,
478 2303 611 2344 eoque
642 2288 766 2330 modo
798 2294 1022 2330 servantur
1052 2289 1188 2330 saecla
1220 2289 1415 2330 ferarum.

380 2358 464 2400 Hic
494 2359 595 2400 odor
624 2359 715 2414 ipse
746 2358 891 2414 igitur,
922 2357 1036 2399 naris
1067 2357 1326 2413 quicumque
1357 2355 1535 2406 lacessit,

322 2433 387 2469 est
417 2427 500 2468 alio
530 2433 581 2468 ut
611 2428 745 2483 possit
776 2427 971 2482 permitti
1002 2426 1171 2482 longius
1201 2426 1336 2477 alter;

322 2495 396 2537 sed
427 2502 572 2537 tamen
604 2495 719 2537 haud
750 2496 977 2551 quisquam
1008 2501 1098 2536 tam
1130 2495 1254 2550 longe
1287 2494 1421 2535 fertur
1452 2508 1595 2534 eorum

322 2579 451 2621 quam
482 2564 656 2614 sonitus,
690 2579 819 2618 quam
851 2579 942 2612 vox,
973 2563 1101 2604 mitto
1132 2563 1217 2604 iam
1249 2562 1388 2604 dicere
1420 2577 1549 2618 quam
1580 2575 1647 2604 res

1714 504 1802 548 660

1713 846 1796 899 665

1715 1189 1803 1242 670

1718 1879 1806 1920 680

1718 2220 1801 2272 685

1718 2561 1806 2615 690

885 2687 948 2720 668
963 2693 1001 2719 ut
1016 2687 1124 2719 added
1140 2688 1183 2728 by
1198 2687 1289 2720 Flor.
1309 2687 1349 2718 31
1367 2686 1484 2718 Camb.
1502 2685 1588 2718 Mar.
1638 2686 1681 2718 Ut
1695 2684 1800 2718 Lach.

550 2742 611 2773 671
629 2741 690 2774 672
707 2740 812 2773 Lach.
829 2742 943 2781 places
959 2741 1045 2773 after
1061 2740 1136 2772 662.
1181 2741 1335 2780 Bernays
1351 2749 1515 2780 supposes
1532 2748 1624 2771 some
1638 2748 1753 2771 verses
1768 2740 1807 2771 to

208 2796 294 2828 have
308 2797 393 2828 been
410 2797 477 2828 lost
493 2795 605 2827 before
622 2795 735 2834 them3
753 2796 769 2826 I
786 2795 941 2827 followed
956 2795 1029 2826 him
1045 2796 1081 2826 in
1097 2805 1156 2835 my
1173 2794 1272 2825 small
1288 2793 1339 2825 ed.
1353 2793 1415 2824 but
1431 2803 1508 2825 now
1523 2792 1649 2825 believe
1663 2792 1759 2824 there
1773 2792 1806 2824 is

210 2859 254 2881 no
272 2849 409 2882 hiatus:
434 2859 488 2881 see
503 2852 602 2881 notes
617 2850 648 2881 2.

840 2850 903 2882 680
923 2850 1131 2888 Volturiique
1148 2848 1247 2880 Pont.
1267 2847 1342 2878 Ald.
1361 2847 1379 2877 1
1396 2847 1449 2878 for
1467 2847 1671 2887 Volturique.
1725 2846 1801 2877 Vul-

211 2904 357 2943 turiz'que
373 2902 459 2934 Mar.
477 2902 573 2935 Junt.
716 2902 777 2935 681
790 2904 962 2943 promissa.
981 2903 1142 2942 permissa
1159 2901 1308 2932 Gronov.
1325 2898 1430 2931 Lach.
1483 2900 1620 2940 ‘emissa
1636 2908 1667 2930 v.
1684 2899 1760 2939 [not
1774 2898 1806 2930 A

211 2965 247 2986 or
262 2955 305 2996 B]
321 2956 376 2987 i.e.
393 2956 558 2996 permissa
573 2955 625 2988 i.e.
643 2955 809 2994 immissa,
825 2956 1016 2988 concitata’
1033 2956 1078 2987 Is.
1096 2955 1193 2987 Voss.
1210 2955 1246 2986 in
1262 2964 1324 2986 mS.
1342 2956 1452 2986 notes.

1610 2953 1674 2986 682
1687 2954 1804 2985 Ducit.
