1997 3267
939 180 964 224 Ι
1698 196 1752 236 41

265 304 491 345 possumus
521 303 658 344 aequo
688 287 832 330 animo
863 303 941 330 nec
966 288 1152 329 Memmi
1183 288 1298 329 clara
1326 303 1515 345 propago

266 358 426 400 talibus
457 358 502 399 in
533 358 661 399 rebus
691 356 908 398 communi
939 356 1061 398 desse
1092 356 1233 398 saluti.

939 437 962 461 κε

267 495 379 551 quod
411 500 617 550 superest,
648 508 804 535 vacuas
835 493 951 534 auris
982 493 1262 548 animumque
1293 507 1489 549 sagacem
1705 502 1760 546 50

265 570 480 606 semotum
512 579 538 605 a
567 563 679 605 curis
710 562 867 604 adhibe
900 577 1044 604 veram
1075 562 1129 603 ad
1161 562 1385 613 rationem,

264 647 318 674 ne
350 647 447 674 mea
477 632 588 673 dona
619 631 701 673 tibi
732 631 875 672 studio
907 631 1099 686 disposta
1129 630 1260 681 fideli,

265 701 488 743 intellecta
517 700 635 756 prius
666 714 795 756 quam
827 700 927 750 sint,
959 705 1209 755 contempta
1239 699 1465 755 relinquas.

264 785 365 811 nam
397 769 478 811 tibi
509 768 562 810 de
593 783 763 810 summa
792 768 898 809 caeli
930 768 1096 810 ratione
1127 768 1343 823 deumque

264 837 471 880 disserere
502 835 705 891 incipiam
738 842 782 878 et
814 851 956 878 rerum
988 836 1222 893 primordia
1251 836 1451 892 pandam,
1705 845 1758 891 55

265 907 380 948 unde
411 906 548 948 omnis
580 911 736 947 natura
767 911 882 947 creet
913 920 980 947 res
1010 911 1158 947 auctet
1189 906 1375 961 alatque,

266 990 403 1031 quove
435 975 583 1017 eadem
616 990 786 1017 rursum
818 982 974 1016 natura
1006 981 1230 1031 perempta
1260 975 1456 1025 resolvat,

266 1059 374 1101 quae
405 1059 483 1086 nos
514 1044 739 1086 materiem
772 1051 816 1086 et
846 1045 1055 1101 genitalia
1086 1060 1260 1101 corpora
1290 1045 1420 1087 rebus

264 1114 489 1156 reddunda
518 1114 564 1155 in
595 1114 761 1156 ratione
793 1129 942 1156 vocare
973 1120 1018 1156 et
1049 1115 1215 1156 semina
1245 1128 1388 1156 rerum

265 1183 479 1239 appellare
511 1188 685 1225 suemus
716 1189 760 1225 et
793 1183 897 1225 haec
928 1183 1078 1225 eadem
1111 1198 1317 1239 usurpare
1705 1181 1763 1223 60

265 1268 439 1308 corpora
468 1253 618 1309 prima,
650 1253 763 1309 quod
795 1268 846 1295 ex
878 1253 963 1294 illis
995 1258 1098 1294 sunt
1128 1252 1273 1294 omnia
1303 1251 1463 1308 primis.

323 1322 530 1364 Humana
559 1328 661 1364 ante
693 1322 834 1364 oculos
866 1322 987 1364 foede
1019 1337 1116 1364 cum
1149 1322 1241 1364 vita
1271 1322 1430 1364 iaceret

263 1390 310 1433 in
340 1391 465 1434 terris
495 1405 695 1447 oppressa
725 1391 846 1448 gravi
877 1391 958 1433 sub
989 1391 1195 1448 religione

264 1474 375 1516 quae
406 1465 538 1515 caput
567 1475 593 1501 a
623 1460 729 1502 caeli
760 1459 1007 1516 regionibus
1038 1460 1293 1502 ostendebat

265 1530 458 1572 horribili
488 1545 618 1586 super
647 1536 823 1587 aspectu
856 1531 1110 1573 mortalibus
1140 1531 1319 1581 instans,
1704 1530 1758 1581 65

264 1600 452 1656 primum
483 1600 640 1642 Graius
671 1601 797 1642 homo
827 1601 1021 1642 mortalis
1052 1600 1202 1642 tollere
1233 1604 1382 1641 contra

265 1676 332 1712 est
361 1670 504 1712 oculos
534 1685 665 1712 ausus
694 1670 946 1726 primusque
978 1670 1184 1712 obsistere
1216 1675 1375 1720 contra,

151 1815 243 1856 gives
261 1816 359 1846 tereti
375 1814 428 1846 for
444 1815 548 1846 teriti-
639 1815 679 1846 43
697 1815 785 1846 desse
802 1815 831 1845 A
846 1823 930 1846 corr.
951 1814 1044 1846 Nice.
1061 1815 1114 1846 for
1129 1815 1168 1846 id
1183 1825 1260 1847 esse.
1352 1813 1554 1846 44-49=11
1571 1811 1754 1844 646-651.

151 1871 196 1902 Is.
221 1870 362 1902 Vossius
385 1869 422 1901 in
445 1869 501 1901 his
524 1879 589 1900 ms.
613 1871 713 1901 notes
736 1869 773 1900 in
796 1879 854 1910 my
878 1870 1072 1910 possession
1098 1870 1174 1901 well
1201 1870 1358 1901 observes
1384 1869 1461 1901 that
1483 1878 1579 1900 some
1604 1878 1669 1900 one
1693 1868 1757 1900 has

151 1925 302 1957 inserted
324 1924 419 1956 them
442 1923 523 1956 here
551 1925 608 1956 ‘ut
632 1923 823 1955 ostenderet
846 1923 983 1955 Lucret.
1008 1924 1074 1955 sibi
1097 1923 1269 1956 adversari
1293 1923 1363 1964 qui,
1388 1933 1467 1955 cum
1487 1923 1577 1955 Deos
1598 1923 1757 1954 mortalia

150 1989 221 2011 non
236 1988 356 2011 curare
376 1977 528 2009 affirmat
545 1977 633 2018 [sic]‚
651 1976 819 2009 Venerem
838 1979 954 2009 tamen
976 1976 1141 2009 invocet'.
1188 1977 1288 2009 Pont.
1314 1977 1400 2008 Mar.
1423 1977 1522 2008 Junt.
1545 1976 1632 2008 omit
1651 1976 1759 2008 thern.

154 2032 327 2064 Avancius
349 2031 387 2063 in
411 2030 470 2063 the
493 2034 565 2063 text
588 2031 626 2063 of
646 2030 722 2062 Ald-
750 2032 767 2062 1
792 2031 908 2071 places
931 2030 1026 2063 them
1052 2031 1139 2063 after
1166 2031 1206 2063 61
1234 2030 1303 2062 and
1329 2030 1394 2062 has
1420 2031 1505 2062 been
1533 2030 1689 2062 followed
1715 2030 1758 2071 by

151 2089 242 2118 most
266 2085 393 2118 editors
415 2086 528 2118 before
551 2086 680 2125 Lach.;
711 2085 774 2117 but
797 2085 835 2117 in
857 2085 913 2117 his
936 2086 1071 2126 preface
1093 2086 1138 2118 he
1161 2086 1235 2117 well
1259 2086 1416 2118 observes
1440 2089 1570 2117 ‘unum
1593 2086 1762 2117 affirmare

152 2140 263 2173 ausim
281 2139 393 2171 Omnis
415 2140 502 2171 enim
521 2148 600 2170 cum
621 2138 774 2179 quinque
796 2139 1017 2179 sequentibus
1035 2150 1076 2172 ex
1096 2140 1247 2181 prologo,
1265 2149 1344 2171 cum
1365 2139 1554 2176 abundent,
1573 2139 1759 2171 demendos

152 2204 247 2228 esse:
271 2193 336 2226 hos
352 2193 469 2234 aptius
483 2193 590 2234 legaS,
612 2203 691 2225 cum
708 2193 749 2225 de
764 2203 890 2233 magna
913 2197 1023 2226 matre
1045 2195 1115 2235 agit
1129 2196 1149 2226 '.
1283 2195 1324 2226 50
1344 2195 1439 2234 Quod
1459 2199 1615 2235 superest,
1637 2204 1762 2226 vacuas

152 2251 246 2282 auris
273 2251 483 2290 animumque
512 2258 687 2289 sayacem:
721 2259 759 2281 so
781 2250 939 2291 Bernays
962 2249 1000 2281 in
1023 2249 1149 2282 Rhein.
1175 2250 1263 2283 Mus.
1291 2260 1327 2282 n.
1354 2250 1379 2281 f.
1402 2260 1423 2281 v
1446 2259 1478 2290 p.
1505 2251 1568 2283 559
1591 2250 1680 2281 from
1704 2250 1763 2283 the

152 2305 292 2346 interpr.
309 2304 407 2345 Verg.
423 2304 460 2336 in
475 2304 559 2336 Maii
575 2305 671 2337 class.
693 2308 783 2338 auct.
803 2307 828 2336 t.
846 2314 897 2336 vn
918 2315 952 2345 p.
970 2305 1045 2338 262.
1093 2306 1190 2345 Quod
1207 2310 1355 2346 superest
1375 2310 1413 2337 ut
1434 2315 1558 2336 vacuas
1578 2306 1671 2336 auris
1689 2304 1761 2336 AB.

153 2358 242 2390 Nice.
265 2357 421 2389 followed
438 2357 482 2398 by
497 2357 545 2389 all
560 2357 619 2389 the
634 2357 726 2389 Flor.
746 2357 862 2389 camb.
883 2358 976 2389 Mon.
994 2357 1064 2390 and
1086 2360 1178 2390 most
1199 2368 1282 2390 mss.
1305 2358 1375 2390 and
1393 2358 1440 2390 all
1461 2357 1521 2390 the
1542 2357 1599 2389 old
1613 2357 1761 2389 editions

153 2411 297 2444 omitted
317 2415 356 2442 ut
376 2410 446 2442 and
469 2410 581 2442 added
604 2412 700 2451 mihi,
724 2413 909 2452 Memmius,
936 2417 967 2444 et
993 2417 1033 2445 te.
1082 2412 1202 2444 Lamb.
1227 2413 1443 2444 Memmiada.
1489 2412 1534 2443 At
1557 2411 1616 2443 the
1638 2411 1705 2443 end
1727 2411 1765 2443 of

152 2465 251 2497 Junt.
275 2464 306 2497 is
328 2464 496 2505 proposed
518 2475 643 2496 vacuas
665 2466 750 2496 mihi
774 2476 894 2506 quaeso
918 2466 1091 2497 Memmius
1115 2476 1211 2498 aures
1236 2467 1384 2498 Semocus
1408 2467 1518 2497 curis:
1543 2465 1640 2497 Pont.
1669 2465 1764 2505 gives

157 2520 251 2559 Quod
272 2524 420 2560 superest
443 2529 565 2560 quaeso
587 2529 712 2551 vacuas
734 2521 820 2551 mihi
844 2521 1018 2552 Memmius
1041 2522 1147 2552 auris.
1193 2520 1302 2552 Lach.
1329 2520 1394 2552 has
1420 2519 1549 2560 rightly
1576 2529 1655 2551 seen
1682 2519 1760 2551 that

153 2584 215 2607 our
238 2574 379 2614 reading
400 2574 536 2614 implies
558 2574 618 2606 the
639 2574 708 2606 loss
730 2575 768 2606 of
789 2584 853 2606 one
874 2584 913 2607 or
931 2584 1027 2606 more
1042 2584 1155 2606 verses
1174 2574 1212 2606 in
1232 2574 1344 2606 which
1360 2574 1419 2607 the
1434 2576 1514 2615 poet
1529 2573 1653 2615 passed
1668 2574 1757 2605 from

154 2627 274 2660 Venus
296 2630 334 2660 to
357 2627 565 2660 Memmius:
588 2627 632 2659 he
655 2630 810 2668 suggests
834 2630 1057 2669 animumque,
1073 2639 1143 2669 aye,
1167 2630 1313 2666 Memmi,
1328 2628 1442 2660 which
1460 2627 1573 2660 would
1595 2628 1761 2668 complete

153 2681 212 2714 the
227 2685 385 2714 sentence
399 2681 437 2713 in
453 2691 473 2713 a.
489 2691 583 2723 way:
608 2691 646 2713 so
661 2682 774 2714 would
789 2692 919 2723 corque,
936 2684 1057 2714 inclute
1074 2684 1218 2722 Memmi,
1236 2693 1274 2714 or
1289 2683 1348 2714 the
1360 2683 1439 2715 like.
1576 2682 1617 2714 66
1635 2683 1760 2714 tollere.

156 2738 287 2769 tendere
309 2736 428 2769 Lamb.
456 2735 508 2768 ed.
535 2737 555 2768 3
583 2736 690 2768 Lech.
717 2737 806 2768 from
834 2737 968 2769 Nonius
993 2739 1101 2769 ‘teste
1127 2737 1257 2770 nostris
1281 2737 1476 2777 antiquiore
1487 2737 1508 2769 '.
1553 2736 1622 2768 But
1649 2736 1762 2769 where

156 2799 218 2822 our
233 2799 317 2822 mss.
333 2789 419 2830 give,
439 2799 478 2822 as
493 2789 584 2830 here,
600 2799 620 2821 a
636 2790 792 2822 faultless
807 2790 960 2831 reading,
977 2790 1005 2822 it
1022 2800 1130 2822 seems
1145 2789 1328 2822 uncritical
1344 2793 1380 2822 to
1395 2790 1509 2831 prefer
1524 2789 1602 2822 that
1619 2789 1655 2820 of
1677 2789 1762 2821 such

155 2853 176 2876 a,
201 2844 346 2876 eareless
371 2843 484 2876 writer
507 2853 545 2876 as
571 2843 725 2876 Nonius:
749 2844 844 2876 older
866 2844 935 2876 aud
961 2844 1072 2876 better
1093 2844 1300 2876 authorities
1322 2844 1410 2876 than
1430 2843 1475 2875 he
1495 2843 1526 2875 is
1548 2842 1764 2883 continually

155 2897 345 2938 misquote:
380 2897 508 2930 Seneca
537 2898 575 2929 in
605 2899 648 2931 57
674 2898 739 2930 has
767 2908 895 2940 quoque
922 2899 975 2930 for
1003 2908 1116 2939 quove,
1145 2898 1275 2930 Gellius
1302 2897 1339 2929 in
1366 2898 1430 2930 304
1457 2902 1518 2929 aut
1543 2898 1596 2929 for
1623 2902 1666 2937 et,
1700 2897 1765 2930 306

156 2951 289 2983 Nonius
312 2952 469 2983 candenti
492 2952 545 2984 for
568 2952 744 2992 dispansae
768 2953 816 2990 in,
841 2961 870 2983 11
894 2952 935 2983 13
957 2951 1163 2984 Lactantius
1185 2953 1307 2984 stultas
1333 2951 1387 2983 for
1414 2952 1564 2991 miseras,
1588 2951 1671 2983 1001
1692 2951 1765 2993 ful-
