1997 3267
886 185 931 225 Il
1656 186 1710 236 89

223 313 396 353 corpora
425 303 537 348 sunt,
570 296 616 338 in
647 296 795 338 eodem
826 302 928 337 ante
959 301 1056 337 acta
1085 300 1228 337 aetate
1262 295 1376 336 fuere

223 372 267 408 et
298 372 393 422 post
424 367 526 407 haec
557 380 725 419 semper
755 364 886 406 simili
917 364 1082 405 ratione
1115 364 1318 412 ferentur,

223 441 268 477 et
300 449 408 490 quae
439 434 683 476 consuerint
714 433 835 489 gigni
866 433 1101 489 gignentur
1132 433 1279 474 eadem
1626 444 1709 486 300

224 503 469 545 condicione
501 508 544 544 et
576 507 702 543 erunt
734 507 777 543 et
809 508 999 543 crescent
1031 502 1158 557 vique
1190 502 1410 551 valebunt,

224 579 435 628 quantum
466 572 619 627 cuique
650 572 799 612 datum
833 577 899 612 est
929 586 1006 626 per
1037 571 1205 613 foedera
1238 571 1418 612 naturai.

224 656 302 682 nec
333 656 474 682 rerum
505 655 716 681 summam
748 645 1010 681 commutare
1042 640 1130 681 ulla
1160 646 1303 695 potest
1334 640 1423 691 vis3

223 725 322 751 nam
353 725 503 764 neque,
534 724 617 764 quo
647 709 781 764 possit
811 724 947 764 genus
978 710 1116 750 ullum
1148 709 1344 751 materiai

224 780 411 834 effugere
443 794 494 820 ex
525 778 652 827 omni,
684 778 912 833 quicquam
944 785 1010 820 est
1041 784 1170 827 extra,
1201 793 1341 833 neque
1372 778 1417 818 in
1449 793 1573 819 omne
1626 788 1704 831 305

223 849 337 890 unde
368 853 511 890 coorta
540 853 671 903 queat
702 862 812 888 nova
843 847 907 889 vis
937 848 1181 901 inrumpere
1213 853 1258 889 et
1290 862 1460 889 omnem

222 924 421 959 naturam
451 932 593 958 rerum
625 922 791 958 mutare
823 922 868 958 et
899 923 1063 958 vertere
1096 922 1248 958 motus.

282 987 395 1028 Illud
426 987 470 1027 in
502 986 568 1027 his
599 986 725 1027 rebus
757 1001 840 1027 non
872 992 937 1028 est
969 986 1175 1035 mirabile,
1208 1000 1351 1041 quare,

223 1056 366 1097 omnia
395 1070 492 1096 cum
523 1069 665 1096 rerum
696 1055 927 1110 primordia
958 1055 1046 1096 sint
1077 1055 1123 1095 in
1154 1060 1288 1103 motu,

223 1138 390 1165 summa
420 1129 566 1165 tamen
596 1138 764 1164 summa
795 1123 993 1164 videatur
1023 1129 1135 1164 stare
1167 1123 1324 1178 quiete,
1628 1133 1712 1174 310

222 1198 521 1248 praeterquam
552 1191 692 1247 siquid
724 1191 892 1246 proprio
923 1191 998 1232 dat
1029 1206 1201 1246 corpore
1232 1197 1385 1233 motus.

223 1261 361 1303 omnis
391 1261 506 1302 enim
539 1260 661 1315 longe
693 1259 849 1301 nostris
880 1260 934 1301 ab
965 1260 1161 1301 sensibus
1192 1260 1303 1300 infra

223 1329 458 1384 primorum
489 1334 644 1369 natura
674 1328 808 1370 iacet:
850 1334 1119 1384 quapropter,
1153 1328 1227 1370 ubi
1258 1328 1351 1383 ipsa

222 1412 392 1439 cernere
423 1397 509 1438 iam
540 1411 739 1452 nequeas,
771 1402 914 1438 motus
946 1412 1114 1452 quoque
1146 1412 1320 1453 surpere
1353 1396 1537 1449 debent3

221 1465 473 1521 praesertim
505 1480 613 1514 cum,
645 1480 755 1520 quae
787 1465 998 1520 possimus
1030 1480 1213 1515 cernere,
1246 1466 1387 1507 celent
1627 1475 1705 1518 315

222 1550 347 1590 saepe
378 1541 523 1576 tamen
555 1542 697 1576 motus
728 1535 868 1590 spatio
899 1535 1075 1576 diducta
1106 1535 1304 1576 locorum.

162 1641 167 1645 .
221 1619 320 1645 nam
351 1619 477 1659 saepe
507 1604 552 1645 in
583 1604 680 1645 colli
710 1605 938 1646 tondentes
969 1606 1128 1660 pabula
1160 1605 1274 1646 laeta

222 1672 434 1728 lanigerae
465 1678 638 1727 reptant
668 1673 854 1728 pecudes
885 1688 969 1728 quo
1000 1688 1209 1729 quamque
1239 1678 1440 1714 vocantes

221 1741 409 1783 invitant
440 1742 596 1784 herbae
627 1748 894 1797 gemmantes
925 1758 1017 1784 rore
1048 1743 1222 1792 recenti,

222 1817 267 1853 et
297 1811 443 1852 satiati
473 1812 574 1867 agni
605 1812 762 1853 ludunt
793 1812 1034 1867 blandeque
1066 1817 1315 1863 coruscant3
1626 1822 1710 1864 320

222 1879 366 1920 omnia
396 1894 504 1934 quae
534 1880 655 1921 nobis
687 1880 809 1934 longe
841 1880 1016 1921 confusa
1045 1880 1249 1921 videntur

223 1958 268 1989 et
300 1948 420 1989 velut
450 1948 496 1989 in
527 1948 653 1989 viridi
684 1944 841 1990 candor
871 1949 1100 1990 consistere
1133 1948 1239 1990 colli.

222 2023 444 2072 praeterea
474 2032 655 2073 magnae
687 2018 875 2074 legiones
906 2033 1003 2059 cum
1035 2018 1125 2059 loca
1156 2033 1282 2059 cursu

222 2099 467 2140 camporum
498 2086 713 2140 complent
746 2085 847 2127 belli
877 2086 1103 2127 simulacra
1132 2086 1303 2135 01011105,

223 2153 362 2210 fulgor
391 2154 452 2195 ibi
482 2154 536 2195 ad
567 2155 731 2195 caelum
763 2169 807 2196 se
838 2155 953 2196 tollit
984 2161 1162 2211 totaque
1193 2155 1351 2196 circum
1626 2163 1705 2209 325

222 2237 319 2263 aere
349 2222 578 2263 renidescit
609 2223 738 2263 tellus
769 2229 1001 2278 supterque
1033 2223 1172 2264 virum
1203 2223 1247 2264 vi

223 2290 390 2333 excitur
420 2291 600 2345 pedibus
630 2291 797 2333 sonitus
829 2292 1098 2348 clamoreque
1129 2297 1299 2334 montes

107 2458 156 2485 est
170 2452 252 2484 read
268 2453 321 2484 hic
337 2457 456 2489 autem,
473 2456 511 2482 ut
520 2452 595 2492 fuit
612 2457 690 2489 tum,
709 2457 766 2484 est.
905 2454 967 2484 301
983 2454 1083 2494 vique
1099 2454 1267 2485 valebunt.
1316 2454 1416 2494 inque
1432 2452 1587 2484 valebunt
1604 2450 1703 2484 Pont.

108 2507 193 2540 Mar.
213 2507 288 2538 Ald.
307 2507 324 2537 1
342 2507 438 2539 Junt.
458 2506 548 2546 vulg.
568 2506 640 2537 ‘vix
656 2506 781 2538 latine'
799 2516 877 2548 says
894 2507 998 2539 Lach.
1168 2508 1231 2539 305
1244 2512 1338 2539 επεν-α
1355 2506 1464 2538 added
1479 2507 1524 2547 by
1538 2506 1603 2537 Ed.
1622 2506 1709 2537 after

108 2563 284 2602 quicquam
305 2565 363 2598 est,
388 2560 424 2591 in
448 2559 560 2592 which
583 2560 611 2591 it
633 2570 701 2592 was
725 2561 903 2593 absorbed:
928 2562 987 2593 the
1011 2564 1170 2593 sentence
1191 2561 1342 2601 requires
1363 2561 1449 2593 this:
1473 2570 1584 2601 comp.
1605 2571 1626 2591 v
1647 2560 1709 2591 361

107 2615 177 2648 and
193 2626 205 2647 1
222 2617 295 2652 963,
313 2615 380 2646 and
397 2615 513 2648 Camb.
534 2615 654 2647 Journ.
672 2616 709 2647 of
726 2616 811 2656 phil.
829 2626 841 2647 1
858 2626 889 2656 p.
911 2618 986 2650 375.
1032 2616 1138 2648 Lach.
1157 2616 1242 2648 adds
1258 2627 1400 2648 seorsum
1416 2618 1451 2647 at
1467 2615 1534 2647 end
1551 2614 1588 2647 of
1601 2624 1706 2646 verse.

108 2680 210 2711 neque
225 2679 338 2701 rursus
354 2670 390 2700 in
406 2679 496 2700 omne
513 2669 599 2700 Mar.
616 2668 692 2700 Ald.
712 2670 729 2700 1
746 2670 843 2702 Junt.
860 2670 950 2709 vulg.
1076 2671 1138 2701 313
1155 2673 1230 2711 ipsa
1247 2670 1316 2701 Gis.
1335 2671 1387 2702 for
1403 2672 1521 2710 ipsum.
1646 2668 1709 2699 314

107 2734 238 2764 surpere
254 2724 353 2755 Pont.
371 2724 390 2755 J
394 2727 468 2755 unt.
486 2724 538 2755 for
554 2735 718 2765 asur-pere.
851 2726 915 2756 322
930 2728 982 2756 vel
997 2730 1034 2756 ut
1051 2726 1087 2756 z'n
1101 2725 1204 2756 Lach.
1226 2724 1355 2765 rightly
1369 2725 1422 2755 for
1436 2724 1541 2755 velati
1557 2724 1595 2754 in
1612 2722 1650 2753 of
1663 2722 1711 2753 all

108 2789 190 2810 mss.
206 2778 276 2810 and
290 2778 377 2810 eds-2
401 2788 482 2810 11155.
500 2788 590 2810 seem
606 2781 643 2810 to
658 2779 746 2811 have
761 2789 781 2812 a
797 2780 966 2820 tendency
981 2788 1016 2811 1ο
1038 2779 1109 2811 this
1129 2779 1293 2812 blunder:
1319 2780 1383 2812 780
1402 2781 1455 2810 uti
1476 2780 1514 2811 in
1528 2778 1582 2810 for
1597 2783 1634 2809 ut
1650 2780 1707 2816 z'n;

109 2833 214 2865 above
233 2843 263 2865 v.
281 2833 322 2865 86
334 2834 380 2873 fit
395 2835 447 2864 uti
469 2833 520 2863 for
532 2834 577 2873 fit
598 2838 658 2872 ut;
683 2834 775 2874 Virg.
792 2835 874 2867 Aen.
895 2845 930 2866 1v
951 2835 1014 2866 402
1036 2836 1141 2865 veluti
1162 2836 1328 2874 ingentem
1349 2833 1383 2864 M
1405 2843 1425 2864 a
1441 2842 1469 2870 0,
1491 2833 1582 2863 velut
1604 2832 1631 2863 P
1649 2844 1674 2872 ’γ
1688 2831 1709 2862 b

109 2887 253 2927 rightly3
269 2897 304 2919 VI
321 2888 384 2920 708
399 2889 503 2918 veluti
520 2889 557 2919 in
572 2888 680 2925 FGM,
698 2890 789 2920 vebut
804 2890 843 2921 in
858 2889 884 2920 P
899 2891 962 2921 010.
983 2899 1036 2928 ap.
1057 2888 1225 2921 Ribbeck:
1243 2890 1295 2919 uti
1311 2887 1341 2918 is
1357 2896 1457 2918 never
1472 2886 1581 2917 found
1596 2886 1710 2917 before

109 2951 130 2973 a
145 2942 266 2974 vowel:
289 2951 343 2974 see
358 2942 431 2974 also
447 2942 510 2974 536
526 2942 594 2975 and
609 2943 714 2975 Lach.
731 2943 835 2976 there.
973 2944 1034 2975 325
1052 2944 1101 2975 ibi
1117 2943 1204 2975 Mar.
1220 2941 1295 2975 Ald.
1317 2942 1335 2973 1
1352 2941 1372 2972 J
1374 2943 1448 2973 unt.
1467 2941 1519 2972 for
1534 2940 1600 2971 ubi.
