1997 3267
956 173 994 215 V
1697 189 1771 229 231

292 287 389 339 posb
419 282 494 323 ubi
525 297 647 324 ecum
679 281 843 323 validae
875 281 986 323 vires
1015 287 1159 324 aetate
1191 288 1363 324 senecba

294 352 568 407 membraque
599 351 806 393 deficiunt,
838 350 1023 406 fugienssi
1054 351 1258 407 languida
1287 351 1388 401 vita,

293 426 388 462 bum
419 420 592 461 demum
623 433 756 475 puero
786 418 849 459 illi
879 433 983 460 aevo
1014 419 1192 460 florente
1224 420 1422 461 iuventas

293 489 447 544 occipit]
478 494 522 530 013
553 488 668 529 molli
701 487 831 529 vescit:
863 487 1064 543 lanugine
1096 488 1238 530 malas.

294 573 347 599 ne
378 558 485 598 forte
516 572 566 598 ex
599 556 770 598 homine
801 561 846 597 013
876 556 1068 598 veterino
1099 557 1261 599 semine
1293 572 1498 613 equorum
1695 562 1779 612 890

293 625 464 667 confieri
495 626 640 667 credas
672 624 909 667 Centauros
940 640 1060 680 posse
1091 640 1230 681 neque
1262 641 1362 675 esse,

294 700 370 735 auh
400 693 559 735 rabidis
589 693 766 734 canibus
796 693 1032 735 succinebas
1062 694 1347 736 semimarinis

294 762 536 817 corporibus
567 762 729 817 Scyllas
760 766 805 802 013
835 767 978 803 cetera
1007 762 1060 803 de
1090 777 1246 819 genere
1278 763 1441 813 horum,

293 831 406 872 inter
435 845 480 872 se
511 845 690 886 quorum
722 830 930 871 discordia
962 831 1153 872 membra
1183 831 1402 884 videmus3

293 915 402 956 quae
432 914 571 955 neque
602 899 830 941 florescunt
861 899 1022 954 pariter
1052 914 1130 941 nec
1161 900 1311 942 robora
1342 906 1519 942 sumunt
1696 903 1774 953 895

294 969 537 1024 corporibus
568 982 706 1023 neque
736 967 951 1023 proiciunt
981 973 1124 1009 aetate
1155 975 1326 1010 senecba

293 1050 371 1077 nec
402 1036 531 1077 simili
563 1036 729 1077 Venere
761 1035 987 1077 ardescunt)
1019 1051 1097 1078 nec
1128 1037 1318 1078 moribus
1349 1037 1445 1078 unis

293 1105 565 1154 conveniunt,
595 1119 734 1159 neque
764 1110 866 1145 sunt]
897 1104 1045 1146 eadem
1077 1104 1265 1146 iucunda
1295 1120 1370 1160 per
1401 1111 1528 1147 artus.

293 1172 452 1227 quippe
483 1172 626 1214 videre
658 1172 757 1213 licet>
789 1172 1066 1228 pinguescere
1097 1187 1223 1228 saepe
1254 1173 1395 1214 cicuta

292 1240 537 1296 barbigeras
566 1240 761 1296 pecudes,
793 1240 957 1281 homini
988 1255 1097 1296 quae
1129 1247 1194 1282 esb
1225 1255 1319 1282 acre
1351 1256 1576 1283 venenum.
1694 1255 1780 1296 900

293 1309 467 1350 flamma
496 1310 669 1365 quidem
702 1324 792 1352 vero
823 1325 921 1351 cum
953 1324 1126 1365 corpora
1157 1310 1274 1351 fulva
1304 1310 1476 1352 leonum

292 1384 382 1420 bam
413 1379 547 1420 soleat]
578 1384 736 1420 torrere
768 1385 899 1434 atque
931 1394 1051 1421 urere
1083 1394 1212 1434 quam
1242 1394 1378 1436 genus
1410 1395 1534 1422 omne

290 1448 461 1490 visceris
491 1448 536 1489 in
568 1448 692 1489 terris
723 1449 1022 1504 quodcumque
1053 1454 1098 1490 013
1128 1449 1349 1504 sanguinis
1381 1454 1511 1498 extet,

293 1517 368 1573 qui
398 1517 490 1559 fieri
520 1517 674 1572 potuit,
707 1517 867 1572 triplici
898 1532 995 1558 cum
1026 1531 1197 1572 corpore
1228 1523 1279 1559 1113
1310 1532 1406 1566 una,

292 1587 431 1642 prima
462 1586 539 1635 leo,
568 1591 782 1641 postrema
813 1585 948 1635 draco,
981 1585 1122 1627 media
1152 1586 1256 1641 ipsa,
1289 1585 1519 1628 Chimaera
1693 1598 1772 1640 905

293 1670 363 1697 ore
394 1656 502 1696 foras
533 1669 673 1696 acrem
705 1655 829 1696 flaret,
859 1655 913 1696 de
944 1670 1115 1711 corpore
1148 1655 1401 1697 flammam?

294 1739 424 1779 quare
454 1723 585 1764 etiam
618 1723 771 1765 tellure
801 1738 915 1765 nova
945 1724 1145 1779 caeloque
1175 1724 1340 1766 recenti

293 1791 398 1833 talia
428 1792 502 1847 qui
532 1791 660 1847 fingit
689 1792 878 1846 potuisse
910 1792 1113 1833 animalia
1146 1792 1280 1848 gigni,

292 1861 420 1902 nixus
450 1860 495 1900 in
526 1859 604 1901 hoc
634 1875 720 1901 uno
752 1860 956 1901 novitabis
986 1861 1158 1902 nomine
1189 1860 1319 1911 inani,

294 1930 433 1971 mulba
462 1929 562 1970 110013
593 1929 722 1970 simili
752 1930 918 1970 ratione
949 1929 1120 1971 effutiat]
1152 1944 1233 1979 ore,
1694 1944 1781 1984 910

294 2013 423 2040 aurea
453 2004 548 2039 tum
579 1997 694 2039 dicat
724 2012 800 2053 per
830 2005 964 2038 terras
995 1997 1176 2039 flumina
1206 1998 1335 2054 vulgo

294 2067 465 2109 fluxisse
497 2072 541 2108 013
571 2066 753 2122 gemmis
784 2067 931 2107 florere
962 2066 1138 2108 arbusta
1168 2073 1311 2109 sue'sse

293 2142 371 2178 aut,
400 2135 618 2177 hominem
649 2140 771 2176 tanto
803 2136 1090 2176 membrorum
1122 2150 1213 2177 esse
1243 2136 1405 2192 impebe
1436 2142 1600 2185 natum,

295 2210 412 2247 trans
442 2204 577 2245 maria
607 2204 696 2245 alba
725 2204 884 2259 pedum
916 2205 1034 2246 nisus
1067 2210 1117 2246 1113
1148 2220 1305 2260 ponere
1338 2212 1480 2261 posset,

294 2279 340 2316 013
370 2273 567 2315 manibus
600 2279 741 2315 1301311111
772 2273 932 2315 circum
964 2289 1007 2315 se
1038 2279 1203 2316 vertere
1234 2275 1410 2317 caelum.
1695 2287 1773 2329 915

293 2358 394 2385 nam
425 2343 538 2399 quod
569 2344 708 2384 multa
738 2343 855 2384 fuere
886 2343 932 2384 in
962 2342 1087 2384 terris
1117 2343 1283 2385 semina
1311 2359 1453 2386 rerum

180 2507 270 2539 Flor.
288 2508 328 2539 31
346 2507 464 2540 Gamb.
602 2509 663 2540 885
681 2510 847 2541 lactantia
864 2509 954 2540 Flor.
972 2510 1012 2540 31
1030 2510 1124 2542 Mon,
1141 2510 1219 2542 Ver.
1237 2511 1319 2542 Ven.
1341 2511 1392 2542 for
1409 2513 1583 2543 laetantia.
1631 2520 1774 2553 quaeret.

181 2563 314 2602 quaerit
329 2561 423 2593 Mon.
440 2562 539 2593 Pont.
555 2562 629 2594 Ald.
653 2563 670 2593 1
687 2562 784 2594 Ι1111113.
801 2563 922 2594 Lamb.
1055 2565 1118 2595 888
1137 2574 1241 2604 puero
1255 2566 1312 2596 illi
1327 2565 1391 2598 Ed.
1412 2565 1464 2597 for
1481 2566 1620 2605 puerili.
1664 2569 1780 2607 pueris

180 2616 308 2647 Avanc.
324 2615 443 2647 Lamb.
459 2614 585 2655 Lach.;
608 2615 754 2656 perhaps
770 2616 870 2648 Lucr.
887 2619 990 2648 wrote
1008 2627 1111 2656 puero
1129 2619 1165 2648 zi.
1332 2620 1394 2651 889
1413 2620 1543 2659 Occipz't
1560 2619 1644 2652 Mar.
1665 2620 1742 2651 Ald.
1760 2621 1778 2651 1

181 2669 201 2700 J
204 2671 278 2700 unt..
295 2668 347 2700 for
365 2670 483 2708 Officit.
645 2670 707 2701 892
723 2670 853 2701 rabidis
869 2669 992 2701 Heius.
1009 2669 1046 2700 in
1062 2680 1124 2702 ms.
1145 2673 1254 2708 notes,
1272 2670 1341 2702 and
1355 2671 1466 2703 Bentl.
1487 2671 1540 2702 for
1555 2673 1699 2712 rapidis:
1725 2667 1780 2704 see

180 2733 215 2754 1v
232 2724 306 2756 712.
437 2723 501 2755 896
512 2724 685 2763 proiciunt
701 2723 822 2754 Lamb.
839 2723 877 2754 in
892 2725 992 2755 notes
1007 2726 1042 2754 to
1057 2724 1110 2755 ed.
1127 2725 1146 2754 2
1163 2723 1231 2756 and
1246 2724 1282 2755 in
1298 2725 1348 2757 ed.
1367 2726 1397 2763 3,
1416 2725 1502 2756 after
1518 2725 1709 2767 Turnebus,
1728 2728 1780 2758 for

178 2779 368 2819 proficiunt.
546 2778 608 2810 901
625 2788 700 2810 vero
717 2778 825 2810 added
840 2778 886 2819 by
899 2778 974 2810 Ald.
994 2780 1011 2809 1
1028 2778 1124 2810 Junt.
1143 2779 1216 2821 (11013
1232 2780 1331 2810 Pont.
1349 2789 1387 2811 or
1403 2780 1503 2820 Mar.)
1519 2781 1608 2821 vulg.
1628 2782 1781 2822 Denique

173 2833 205 2872 f.
224 2842 255 2872 q.
272 2831 378 2863 Lach.
423 2832 550 2869 Ardua,
567 2832 671 2872 lynea
688 2832 813 2865 others.
949 2833 1011 2864 904
1028 2838 1064 2864 ut
1079 2843 1148 2864 una
1164 2833 1257 2864 Brix.
1274 2834 1372 2866 Pont.
1393 2834 1518 2866 Avanc.
1539 2834 1591 2865 for
1608 2840 1645 2866 ut
1665 2846 1775 2869 unam.

180 2889 297 2918 iuncta
320 2887 406 2918 Mar.
430 2886 525 2919 Junt.
690 2887 752 2919 906
770 2889 866 2928 foras
888 2888 1035 2927 Nauger.
1059 2888 1111 2919 for
1127 2889 1234 2929 feras.
1276 2890 1374 2930 ferox
1397 2889 1496 2920 Pont.
1521 2889 1622 2923 Junt.
1665 2891 1780 2931 serens

181 2941 266 2974 Mar.
414 2940 476 2973 914
495 2951 616 2981 ponere
639 2941 668 2972 B
693 2951 777 2973 corr.
803 2942 888 2974 Mar.
913 2942 1009 2974 Junt.
1033 2942 1086 2974 for
1103 2944 1257 2983 pondere.
1301 2944 1447 2984 pandere
1470 2944 1596 2977 Avanc.
1717 2946 1779 2978 923
