1997 3267
207 172 282 212 168
972 171 1037 212 IV

316 277 445 318 efficit
475 282 525 318 ut
555 277 776 319 videamus
807 282 851 319 et
881 277 1166 320 internoscere
1198 284 1342 331 curat3
1714 293 1792 336 245

314 361 414 387 nam
444 361 542 387 cum
573 346 776 395 mittitur,
808 347 1024 402 extemplo
1054 348 1271 402 protrudit
1302 348 1478 404 agitque

315 428 412 455 aera
444 413 518 469 qui
547 413 661 455 inter
691 428 735 455 se
766 428 950 468 cumque
981 421 1047 456 est
1078 416 1303 471 oculosque
1334 416 1507 467 locat'uS,

315 483 435 537 isque
466 482 529 523 ita
558 496 635 537 per
663 488 829 523 nostras
860 482 971 524 acies
1000 483 1238 537 perlabitur
1268 484 1405 526 omnis

315 556 359 591 et
391 550 512 605 quasi
541 556 761 606 perterget
792 550 978 605 pupillas
1008 557 1138 606 atque
1169 551 1232 592 ita
1262 552 1427 594 transit.

201 631 224 659 2
234 630 279 670 31
314 624 539 674 propterea
568 619 619 660 fit
649 619 717 660 uti
747 619 969 661 videamus
999 635 1128 675 quam
1158 620 1305 675 procul
1335 621 1448 662 absit
1712 633 1797 675 250

203 699 286 741 250
315 703 382 730 res
413 703 618 744 quaeque.
653 694 697 729 et
727 695 889 743 quanto
919 690 1017 744 plus
1047 690 1156 731 aeris
1187 696 1287 731 ante
1317 690 1510 747 agitatur

314 763 359 799 et
388 762 554 798 nostros
585 757 728 798 oculos
757 763 977 814 perterget
1007 758 1171 814 longior
1202 774 1318 809 aura,

313 833 403 868 tam
434 827 579 882 procul
611 841 700 868 esse
732 827 868 883 magis
899 842 965 869 res
996 843 1191 883 quaeque
1222 834 1387 871 remota
1416 830 1596 872 videtur.

314 895 476 937 scilicet
507 895 611 936 haec
641 909 807 937 summe
838 895 964 937 celeri
995 896 1159 937 ratione
1190 903 1412 953 geruntur,

313 964 438 1020 quale
468 964 525 1005 sit
556 970 606 1005 ut
636 963 858 1005 videamus
887 970 932 1005 et
962 980 1049 1006 una
1079 980 1207 1020 quam
1240 967 1384 1021 procul
1415 967 1538 1009 absit.
1710 979 1734 1008 2
1743 978 1761 1021 5
1770 977 1790 1021 5

313 1033 419 1074 illud
450 1034 495 1074 in
527 1033 593 1074 his
622 1033 748 1075 rebus
779 1033 957 1075 minime
987 1034 1182 1075 mirabile
1214 1034 1512 1085 habendumst,

313 1116 399 1151 cur,
429 1117 479 1143 ea
510 1116 620 1157 quae
652 1101 808 1143 feriant
839 1102 980 1144 oculos
1010 1103 1238 1145 simulacra
1267 1103 1404 1145 videri

312 1169 482 1226 singula
511 1185 608 1211 cum
639 1176 868 1225 nequeant,
898 1185 965 1212 res
995 1170 1113 1226 ipsae
1143 1171 1465 1227 perspiciantur.

314 1244 470 1279 ventus
501 1238 616 1279 enim
648 1253 817 1293 quoque
848 1239 1058 1294 paulatim
1089 1254 1185 1280 cum
1216 1240 1414 1281 verberat
1445 1246 1489 1282 et
1519 1256 1614 1282 cum

201 1306 277 1346 261
313 1320 407 1347 acre
437 1305 535 1347 fluit
566 1306 712 1362 frigus,
743 1320 827 1347 non
859 1306 1023 1362 privam
1054 1322 1268 1363 quamque
1299 1308 1482 1350 solemus
1710 1310 1795 1351 260

201 1377 284 1417 260
315 1374 568 1430 particulam
601 1375 719 1416 venti
750 1375 908 1417 sentire
940 1382 983 1417 et
1015 1376 1180 1431 frigoris
1211 1376 1315 1426 eius,

313 1443 387 1485 sed
416 1443 553 1499 magis
583 1459 799 1494 unorsum,
830 1444 1006 1500 fierique
1038 1445 1213 1500 perinde
1244 1445 1438 1487 videmus

312 1527 483 1568 corpore
514 1518 607 1553 tum
638 1513 786 1568 plagas
816 1512 861 1554 in
892 1519 1036 1555 nostro
1067 1519 1289 1569 tamquam
1320 1514 1488 1570 aliquae
1519 1530 1586 1557 res

313 1580 508 1621 verberet
538 1585 668 1635 atque
700 1580 766 1621 sui
798 1581 872 1622 det
904 1596 1075 1623 sensum
1106 1582 1289 1637 corporis
1320 1588 1451 1625 extra.

312 1654 533 1705 praeterea
564 1648 750 1702 lapidem
782 1648 919 1704 digito
950 1665 1048 1691 cum
1079 1651 1315 1700 tundimus,
1345 1651 1485 1706 ipsum
1709 1654 1788 1704 265

313 1716 530 1772 tangimus
560 1722 802 1758 extremum
833 1718 924 1758 saxi
954 1732 1257 1774 summumque
1287 1719 1479 1770 colorem,

312 1800 390 1827 nec
420 1785 629 1826 sentimus
659 1800 759 1826 eum
791 1791 923 1836 tactu,
954 1801 1101 1827 verum
1133 1787 1270 1843 magis
1300 1788 1436 1843 ipsam

315 1853 519 1895 duritiem
550 1853 724 1909 penitus
754 1854 846 1895 saxi
877 1854 1086 1896 sentimus
1115 1856 1161 1896 in
1190 1856 1289 1898 alto.

371 1923 500 1964 Nunc
530 1937 621 1978 age,
652 1938 726 1964 cur
756 1924 871 1964 ultra
902 1925 1124 1979 speculum
1157 1925 1354 1967 videatur
1384 1926 1524 1982 imago

311 1992 504 2047 percipe3
544 2006 644 2033 nam
677 1997 791 2033 certe
822 1992 995 2047 penitus
1027 1999 1190 2034 semota
1221 1994 1400 2036 videtur.
1708 2006 1794 2047 270

313 2060 425 2115 quod
455 2074 590 2115 genus
621 2060 695 2101 illa
726 2060 825 2102 foris
855 2076 964 2116 quae
996 2076 1094 2102 vere
1125 2063 1474 2117 transpiciuntur,

312 2127 440 2169 ianua
471 2142 568 2168 cum
599 2142 676 2183 per
705 2143 749 2169 se
780 2133 1074 2184 transpectum
1106 2130 1283 2184 praebet
1313 2137 1522 2186 apertum,

313 2197 450 2238 multa
481 2196 668 2252 facitque
699 2197 799 2238 foris
830 2212 882 2238 ex
913 2197 1090 2239 aedibus
1121 2205 1171 2240 ut
1202 2199 1439 2242 videantur.

311 2265 346 2306 is
377 2279 544 2320 quoque
575 2265 690 2306 enim
721 2265 882 2320 duplici
911 2266 1168 2322 geminoque
1199 2267 1249 2309 fit
1279 2283 1375 2310 aere
1406 2256 1531 2312 visus.

197 2381 249 2411 for
272 2381 398 2411 dedita.
540 2380 602 2411 245
627 2385 731 2412 curat.
781 2381 870 2420 coyz't
892 2379 997 2412 Lach.
1021 2381 1176 2419 because,
1200 2381 1284 2412 with
1308 2387 1414 2420 curat,
1438 2384 1657 2415 internoscere
1679 2383 1791 2415 would
1821 2413 1826 2416 .

198 2434 299 2466 stand
315 2434 358 2465 he
376 2444 454 2474 says
469 2434 521 2465 for
537 2444 583 2466 an
599 2434 800 2471 accusative,
813 2434 882 2466 and
892 2435 929 2466 in
942 2435 1021 2466 that
1032 2445 1108 2466 case
1121 2435 1220 2466 Lucr.
1235 2435 1346 2466 would
1357 2436 1456 2468 make
1467 2436 1495 2468 it
1507 2446 1631 2476 govern
1645 2437 1792 2468 another

197 2488 398 2526 accusative,
415 2488 545 2528 though
560 2488 604 2520 he
620 2489 736 2520 allows
752 2488 829 2520 that
846 2489 981 2520 Ennius
998 2488 1079 2520 does
1096 2493 1156 2521 not
1173 2489 1310 2521 observe
1326 2490 1409 2521 such
1431 2500 1451 2522 a
1467 2490 1542 2528 law,
1560 2500 1598 2521 as
1613 2490 1651 2521 in
1667 2491 1790 2522 audere

198 2544 371 2582 repressit:
406 2551 426 2573 a
459 2541 644 2573 somewhat
676 2542 877 2574 far-fetched
900 2542 1100 2574 distinction
1114 2556 1121 2575 :
1153 2552 1208 2574 see
1231 2545 1329 2574 notes
1352 2545 1382 2574 2.
1536 2544 1598 2576 246
1617 2544 1791 2584 protrudit

196 2596 314 2627 Lamb.
333 2597 384 2627 for
394 2597 563 2637 protudit:
588 2606 625 2628 so
641 2597 704 2627 280
715 2599 873 2636 procudit
888 2597 979 2628 Flor.
996 2598 1037 2628 31
1054 2597 1172 2628 Camb.
1190 2599 1252 2629 etc.
1298 2597 1391 2629 Flor.
1408 2599 1450 2630 29
1468 2597 1567 2629 reads
1588 2598 1671 2629 with
1694 2598 1785 2631 Nico.

193 2668 353 2705 protulit:
377 2666 527 2698 Politian
551 2666 587 2697 in
611 2676 718 2707 marg.
743 2667 806 2699 has
824 2646 999 2707 proi-udin
1023 2666 1059 2697 in
1085 2667 1146 2698 187
1168 2666 1211 2698 he
1231 2669 1334 2698 wrote
1352 2672 1392 2698 tr.
1410 2677 1488 2699 over
1503 2667 1562 2698 the
1577 2677 1593 2698 c
1610 2667 1647 2698 of
1667 2668 1788 2700 cudun-

199 2725 261 2750 tur.
416 2721 479 2752 250
501 2721 568 2753 and
592 2721 666 2760 251,
685 2722 748 2753 260
771 2722 842 2761 and
865 2722 949 2753 261:
974 2721 1057 2753 Mar.
1079 2721 1152 2753 Ald.
1173 2722 1190 2751 1
1207 2721 1303 2753 Junt.
1324 2721 1398 2752 first
1413 2721 1500 2753 have
1516 2721 1610 2753 these
1625 2731 1736 2754 verses
1752 2722 1789 2753 in

197 2772 286 2804 their
300 2772 390 2813 right
406 2774 514 2806 order.
667 2775 731 2807 260
742 2777 877 2816 privam
893 2775 960 2808 Gif.
980 2775 1032 2806 for
1044 2778 1204 2815 Ρνιιηατης
1235 2778 1289 2806 ‘ex
1305 2785 1336 2806 v.
1354 2775 1394 2806 c.'
1409 2775 1454 2806 he
1471 2784 1561 2815 says.
1725 2777 1789 2809 267

197 2827 303 2866 ipsam
319 2827 410 2859 Nicc.
431 2828 459 2858 B
482 2838 569 2860 corr.
592 2828 645 2860 for
668 2831 754 2869 ipsa.
929 2829 993 2862 270
1015 2834 1135 2860 semota
1162 2829 1246 2859 Mar.
1265 2828 1338 2860 Ald.
1361 2829 1378 2859 1
1403 2828 1501 2859 Junt.
1519 2828 1570 2859 for
1584 2833 1725 2860 remota:
1751 2839 1788 2861 so

199 2880 270 2911 288.
320 2886 473 2913 remmota
487 2882 528 2920 B,
545 2881 656 2913 which
673 2892 752 2922 may
767 2882 808 2914 be
823 2882 924 2922 right.
1075 2883 1136 2914 271
1155 2881 1223 2912 and
1240 2883 1301 2914 278
1318 2891 1403 2922 quae
1418 2892 1492 2913 vere
1511 2884 1787 2922 transpiciuntur.

197 2932 300 2965 Lach.
315 2935 491 2973 possessed
508 2935 551 2976 by
566 2936 621 2967 his
633 2936 754 2976 theory
769 2937 806 2967 of
820 2937 906 2977 quod
920 2945 1018 2975 yenus
1038 2935 1105 2977 (see
1121 2945 1149 2966 11
1168 2935 1241 2976 194)
1255 2934 1400 2966 without
1416 2944 1483 2975 any
1499 2935 1676 2976 authority
1690 2936 1788 2968 reads
