1997 3267
948 175 1012 217 VI
1685 185 1765 236 267

273 283 352 324 hoc
382 297 535 338 supero
566 283 610 323 in
641 281 747 324 caeli
778 282 917 338 spatio
948 283 1083 325 coiere
1115 290 1293 340 repente

272 353 497 408 asperiora,
527 352 656 392 moris
686 366 795 407 quae
827 352 991 407 possint
1023 353 1279 409 indupedita

272 422 438 478 exiguis
472 429 616 462 tamen
648 421 762 462 inter
792 435 836 462 se
867 435 1116 476 comprensa
1149 423 1297 464 teneri.

272 493 376 534 haec
408 492 571 533 faciunt
603 491 790 546 primum
822 505 975 546 parvas
1006 492 1237 534 consistere
1272 493 1432 544 nubem
1680 510 1762 550 455

272 560 371 602 inde
404 560 507 601 hacc
539 557 852 614 comprendunt
883 559 997 600 inter
1027 574 1072 601 se
1104 574 1267 615 conque
1299 568 1535 617 gregantur

272 636 317 672 et
348 628 644 685 coniungendo
675 633 871 670 crescunt
904 629 1129 684 ventisque
1162 629 1360 672 feruntur

272 713 407 754 usque
438 698 543 739 adeo
573 697 707 738 donec
739 702 974 752 tempestas
1006 712 1133 739 saeva
1164 705 1360 741 coortast.

271 767 321 808 fit
353 781 522 822 quoque
554 766 620 807 uti
651 765 811 807 montis
844 766 984 807 vicina
1015 767 1241 809 cacumina
1272 768 1389 810 caclo

271 851 400 892 quam
432 835 520 876 sint
551 849 719 890 quoque
753 834 899 890 magia
933 841 1054 876 tanto
1087 836 1223 892 magis
1253 837 1371 878 edita
1404 838 1571 881 fument
1676 842 1762 892 460

270 904 448 946 adsidue
481 904 627 944 furvae
659 902 787 944 nubis
819 903 1002 959 ealigine
1034 919 1173 945 crassa

271 980 495 1030 propterea
525 973 638 1028 quia,
669 987 766 1014 cum
798 973 1041 1027 consistunt
1073 974 1222 1015 nubila
1253 975 1452 1030 primum,

270 1051 371 1085 ante
404 1042 546 1083 videre
578 1041 690 1083 oculi
721 1056 850 1097 quam
883 1042 1059 1097 possint,
1092 1044 1247 1093 tenvia,
1281 1045 1397 1085 venti

270 1118 491 1169 portantes
522 1118 682 1167 cogunt
712 1111 766 1152 ad
798 1126 966 1153 summa
996 1113 1218 1154 cacumina
1251 1114 1417 1156 montis.

270 1182 339 1223 hie
370 1181 544 1222 demum
577 1181 626 1221 fit
659 1180 724 1221 uti
757 1180 886 1221 turba
918 1181 1074 1222 maiore
1107 1188 1249 1223 coorta
1677 1187 1758 1237 465

270 1258 315 1294 et
346 1251 559 1293 condensa
589 1256 752 1306 queant
783 1265 988 1306 apparere
1019 1257 1063 1291 et
1094 1251 1222 1292 simul
1255 1251 1345 1307 ipso

269 1320 429 1361 vertice
460 1319 513 1360 de
546 1318 706 1360 montis
739 1317 969 1360 videantur
999 1334 1172 1375 surgere
1204 1319 1249 1360 in
1280 1320 1485 1363 aethram.

267 1404 368 1430 nam
401 1388 491 1429 loca
520 1387 709 1429 declarat
740 1402 909 1428 sursum
943 1394 1119 1428 ventosa
1150 1394 1296 1443 patere

267 1472 335 1499 res
366 1457 459 1512 ipsa
489 1462 533 1498 et
564 1471 724 1505 sensus,
756 1455 915 1497 montis
946 1471 1043 1497 cum
1075 1456 1349 1498 ascendimus
1379 1457 1499 1499 altos.

267 1533 490 1584 praeterea
520 1526 737 1582 permulta
768 1525 875 1567 mari
907 1540 1076 1581 quoque
1109 1526 1257 1568 tollere
1290 1532 1381 1568 toto
1675 1539 1763 1579 470

267 1611 441 1652 corpora
471 1602 671 1637 naturam
703 1595 922 1636 declarant
955 1594 1078 1636 litore
1110 1600 1250 1636 vestes

267 1679 509 1721 suspensae,
541 1679 639 1706 cum
670 1664 918 1719 concipiunt
952 1663 1109 1704 umoris
1140 1663 1387 1705 adhaesum.

268 1750 353 1791 quo
384 1734 521 1790 magis
552 1734 607 1775 ad
637 1733 766 1775 nubis
797 1732 1016 1788 augendas
1047 1732 1186 1773 multa
1218 1732 1419 1774 videntur

267 1818 389 1861 posse
419 1818 589 1859 quoque
620 1817 643 1844 e
675 1802 784 1843 salso
815 1816 1067 1858 consurgere
1100 1801 1286 1843 momine
1318 1801 1467 1857 ponti3

266 1889 368 1916 nam
398 1873 509 1915 ratio
539 1872 897 1929 consanguineast
928 1871 1149 1913 umoribus
1180 1872 1282 1913 ollis.
1674 1885 1756 1926 475

266 1950 490 2000 praeterea
519 1941 662 1983 fluviis
693 1956 745 1983 ex
777 1941 977 1983 omnibus
1008 1947 1052 1983 et
1083 1941 1210 1983 simul
1242 1942 1335 1997 ipsa

151 2080 272 2113 Lamb.
289 2080 378 2120 conj.
424 2080 530 2111 coiere
546 2078 637 2110 Flor.
658 2078 699 2109 31
717 2077 836 2110 Camb.
854 2077 950 2109 Brix.
970 2077 1055 2109 Mar.
1073 2078 1125 2109 for
1141 2080 1241 2110 coire.
1393 2078 1456 2109 453
1472 2080 1570 2110 moris
1583 2077 1688 2110 Lach.
1706 2078 1759 2109 for

151 2137 275 2168 modis:
300 2145 320 2167 a
336 2134 464 2166 certain
481 2134 682 2166 correction.
797 2133 861 2164 454
877 2143 1067 2173 comprensa
1085 2133 1171 2164 Mar.
1188 2132 1310 2164 Lamb.
1327 2132 1380 2164 for
1395 2143 1587 2173 compressa.
1695 2133 1758 2165 456

153 2193 234 2223 haec
254 2189 360 2221 Lach.
378 2189 431 2220 for
448 2199 488 2220 ea
504 2202 510 2221 :
535 2199 574 2220 ea
595 2187 708 2228 might
727 2187 879 2228 possibly
896 2187 935 2219 be
957 2187 1124 2219 defended
1140 2187 1184 2229 by
1201 2189 1274 2225 188,
1291 2187 1361 2219 and
1378 2188 1440 2218 215
1459 2198 1530 2219 eas:
1555 2197 1608 2219 see
1625 2189 1723 2219 notes
1740 2188 1759 2218 2

151 2246 267 2278 there:
289 2245 352 2277 but
368 2244 425 2276 the
441 2243 629 2275 harshness
645 2243 757 2275 would
772 2243 814 2275 be
831 2253 910 2283 very
925 2246 1031 2284 great.
1208 2243 1273 2274 460
1290 2253 1427 2283 quoque.
1475 2252 1622 2283 quaeque
1639 2241 1758 2274 Camb.

151 2301 172 2332 2
194 2300 270 2332 Vat.
297 2298 372 2332 Ald.
402 2301 419 2330 1
445 2300 528 2331 Mar.
551 2299 648 2330 Junt.
665 2298 787 2330 Lamb.
804 2302 867 2330 etc.
886 2298 1048 2339 wrongly.
1226 2298 1289 2330 461
1307 2299 1432 2338 furvae
1448 2297 1560 2329 Bentl.
1581 2297 1685 2330 Lach.
1707 2297 1761 2328 for

145 2355 278 2395 fulvae.
323 2354 420 2385 nubis
437 2353 524 2384 Mar.
541 2352 617 2384 Ald.
639 2352 657 2383 1
673 2352 770 2384 Junt.
790 2352 843 2383 for
859 2353 971 2383 nubes.
1119 2351 1183 2383 465
1202 2353 1299 2383 turba
1316 2353 1439 2383 maiore
1455 2351 1556 2382 Pont.
1574 2351 1658 2383 Mar.
1680 2350 1753 2382 Ald.

153 2410 171 2440 1
194 2409 294 2442 Junt.
321 2408 373 2440 for
402 2409 612 2440 turbammor.
663 2409 761 2439 turba
790 2409 915 2439 minore
946 2407 1035 2440 Flor.
1069 2407 1110 2438 31
1142 2406 1261 2438 Camb.
1429 2405 1493 2437 466
1517 2407 1564 2436 Et
1597 2406 1759 2438 condensa

151 2468 274 2504 queant
294 2472 453 2503 apparere
473 2461 580 2494 Laoh.
597 2463 689 2493 most
712 2461 848 2501 aeutely
864 2461 916 2492 for
939 2463 985 2492 Et
1002 2462 1244 2501 condensatque
1261 2465 1339 2491 arta
1352 2470 1485 2501 parere.
1530 2461 1578 2492 Et
1597 2461 1758 2492 condensa

151 2522 251 2558 atque
269 2522 348 2548 arta
364 2516 391 2547 F
394 2516 456 2547 lor.
474 2516 527 2554 31,
546 2517 564 2547 3
581 2514 659 2548 Vat.
679 2515 778 2547 Pont.
800 2515 886 2546 Mar.
903 2514 1032 2546 Avanc.
1049 2517 1085 2546 at
1101 2514 1167 2546 end
1183 2515 1220 2545 of
1239 2514 1406 2546 Catullus.
1581 2514 1645 2547 467
1667 2516 1757 2547 vide-

150 2576 253 2604 antur
267 2570 359 2603 Flor.
380 2571 420 2602 31
439 2569 558 2602 Camb.
575 2570 652 2601 Vat.
670 2569 734 2601 640
750 2568 873 2601 Urbin.
893 2568 978 2600 1136
995 2568 1119 2600 Othob.
1133 2568 1255 2600 Lamb.
1272 2569 1325 2600 sor
1342 2570 1505 2600 videatur.
1694 2570 1759 2601 468

152 2629 224 2660 loca
239 2627 329 2660 Flor.
350 2627 390 2658 31
408 2626 523 2658 Camb.
545 2626 629 2658 Mar.
649 2626 747 2657 Junt.
764 2625 817 2657 for
834 2626 876 2657 lo.
921 2635 956 2656 so
973 2624 1067 2656 Nico.
1112 2635 1144 2656 se
1160 2624 1255 2655 Brix.
1273 2625 1350 2656 Ver.
1368 2625 1452 2656 Ven.
1469 2624 1546 2656 Ald.
1564 2625 1594 2655 1.
1694 2626 1757 2659 469

151 2686 184 2714 et
198 2692 310 2713 sensus
326 2681 453 2713 Avane.
473 2680 526 2711 for
542 2685 573 2712 et
589 2689 732 2712 sensum:
758 2680 844 2711 Mar.
862 2679 960 2710 Junt.
978 2680 1125 2720 Nauger.
1142 2679 1229 2711 have
1245 2680 1290 2711 ad
1305 2690 1442 2712 sensum.
1599 2680 1662 2712 473
1688 2681 1758 2720 Quo

150 2737 257 2776 mayis
281 2736 376 2767 Mon.
393 2735 470 2766 Ald.
488 2736 506 2766 1
528 2734 628 2766 Junt.
648 2735 700 2766 for
723 2735 820 2774 Quod
844 2736 960 2774 magis.
1138 2735 1202 2767 474
1225 2745 1418 2775 consumere
1440 2736 1579 2766 momine
1601 2734 1691 2766 Flor.
1716 2735 1757 2766 31

151 2789 270 2822 Oamb.
287 2790 366 2822 Vat.
385 2789 470 2821 1136
486 2790 556 2821 and
572 2790 657 2823 1954
676 2789 800 2821 Othob.
820 2789 908 2821 Mar.
925 2789 977 2820 for
992 2799 1217 2829 consumerem
1234 2790 1372 2820 homine.
1542 2789 1604 2822 475
1621 2799 1758 2821 consan-

149 2846 304 2885 9uineast
326 2844 373 2875 Is.
396 2844 496 2876 Voss.
519 2844 557 2875 in
580 2853 643 2876 ms.
671 2847 768 2876 notes
791 2844 844 2876 for
867 2846 1113 2884 consanyuinea
1136 2854 1179 2875 se.
1225 2854 1298 2876 cum
1320 2845 1483 2884 sanyuine
1508 2845 1545 2875 ob
1573 2845 1757 2876 eumoribus

150 2899 245 2932 Nico.
290 2909 363 2930 cum
385 2901 547 2939 sanquine
571 2900 662 2931 abest
686 2898 775 2931 Flor.
803 2899 844 2929 31
869 2898 989 2930 camb.
1013 2900 1034 2930 4
1058 2898 1136 2930 Vat.
1160 2898 1281 2930 Lamb.
1329 2900 1405 2930 ollis
1427 2898 1533 2930 Laeh.
1557 2898 1611 2930 for
1633 2901 1748 2932 omnis.

149 2954 280 2986 Avanc.
294 2955 331 2986 at
347 2953 414 2986 end
428 2953 464 2985 of
480 2953 636 2986 Catullus
653 2963 731 2993 says
768 2963 839 2984 non
855 2953 1004 2994 percipio
1020 2953 1121 2984 illum
1136 2963 1301 2985 mancum
1316 2962 1452 2985 versum
1469 2954 1557 2984 Nam
1572 2954 1661 2985 ratio
1682 2963 1755 2985 cum
