1997 3267
949 209 990 250 V
1684 219 1761 261 241

277 319 436 375 quippe
468 316 544 360 ubi
575 331 620 359 se
650 315 779 358 multi
810 329 886 371 per
915 315 1080 356 somnia
1110 328 1238 370 saepe
1269 313 1493 369 loquentes

275 393 352 430 aut
383 386 530 428 morbo
561 385 794 427 delirantes
824 388 1023 440 protraxe
1054 383 1249 424 ferantur

276 462 321 499 et
351 456 488 498 celata
518 455 637 497 mala
667 453 712 496 in
743 452 933 495 medium
966 457 1010 494 et
1040 457 1215 508 peccata
1245 451 1443 506 dedisse]
1658 452 1767 495 1160

334 523 465 566 Nunc
496 538 606 579 quae
637 536 765 564 causa
794 521 924 562 deum
955 535 1032 576 per
1062 535 1240 577 magnas
1271 520 1450 562 numina
1479 520 1622 576 gentis

277 592 540 649 pervulgarit
571 597 616 633 et
646 605 816 632 ararum
848 589 1125 644 compleverit
1156 589 1275 630 urbis

278 659 633 715 suscipiendaque
666 658 826 699 curarit
856 657 1079 699 sollemnia
1108 671 1236 706 sacra,

277 744 387 785 quae
416 744 530 771 nunc
560 729 606 770 in
637 727 807 784 magnis
838 726 992 768 florent
1024 740 1143 768 sacra
1172 726 1288 768 rebu'
1322 725 1519 781 locisque,

277 799 391 841 unde
422 798 554 840 etiam
586 812 699 839 nunc
731 801 796 838 est
826 795 1079 838 mortalibus
1111 796 1267 837 insitus
1298 795 1442 836 horror
1659 795 1762 847 1165

277 867 352 923 qui
381 866 560 908 delubra
590 865 719 907 deum
751 879 861 907 nova
891 869 984 905 toto
1015 864 1199 906 suscitat
1230 863 1321 905 orbi

277 942 487 978 terrarum
520 941 564 977 et
596 935 715 977 festis
746 934 860 990 cogit
892 933 1105 975 celebrare
1135 933 1300 983 diebus,

278 1019 363 1046 non
393 1004 456 1046 ita
486 1003 701 1045 difficilest
731 1002 943 1044 rationem
974 1001 1152 1043 reddere
1183 1001 1335 1043 verbis.

279 1073 438 1130 quippe
471 1073 632 1115 etenim
664 1073 750 1114 iam
782 1077 877 1113 tum
908 1071 1051 1112 divom
1084 1071 1280 1112 mortalia
1309 1071 1447 1113 saecla

279 1143 473 1199 egregias
504 1142 647 1183 animo
679 1141 807 1183 facies
838 1141 1046 1197 vigilante
1078 1140 1282 1182 videbant
1658 1151 1767 1194 1170

280 1217 325 1254 et
356 1212 492 1266 magis
522 1211 568 1253 in
599 1211 758 1253 somnis
789 1210 982 1251 mirando
1014 1209 1197 1265 corporis
1227 1215 1369 1252 auctu.

279 1280 346 1321 his
377 1280 512 1336 igitur
542 1294 713 1322 sensum
745 1278 996 1321 tribuebant
1027 1284 1254 1334 propterea
1287 1278 1401 1334 quod

279 1349 473 1391 membra
502 1363 671 1390 movere
703 1347 962 1389 videbantur
992 1362 1198 1402 vocesque
1230 1348 1434 1403 superbas

279 1417 454 1459 mittere
484 1432 561 1472 pro
593 1417 698 1458 facie
729 1416 945 1472 praeclara
975 1421 1020 1457 et
1051 1415 1213 1458 viribus
1244 1416 1408 1472 amplis.

280 1490 587 1541 aeternamque
618 1485 780 1526 dabant
812 1484 958 1533 vitam,
989 1484 1091 1539 quia
1121 1499 1288 1540 semper
1318 1499 1464 1526 eorum
1657 1495 1763 1539 1175

279 1554 639 1611 subpeditabatur
670 1555 797 1597 facies
828 1560 873 1596 et
904 1554 1039 1596 forma
1070 1554 1283 1604 manebat,

281 1629 325 1666 et
356 1629 503 1666 tamen
534 1624 706 1665 omnino
738 1623 850 1679 quod
882 1623 1016 1664 tantis
1047 1623 1210 1664 viribus
1241 1627 1388 1664 auctos

281 1708 366 1735 non
396 1698 556 1735 temere
588 1693 676 1734 ulla
709 1693 750 1734 vi
781 1692 974 1734 convinci
1004 1707 1125 1747 posse
1156 1692 1381 1747 putabant.

282 1762 547 1818 fortunisque
577 1762 674 1804 ideo
705 1762 830 1818 longe
862 1767 1077 1817 praestare
1108 1761 1333 1816 putabant,

281 1830 396 1885 quod
426 1830 576 1872 mortis
606 1830 736 1872 timor
765 1830 873 1872 haut
905 1845 1165 1886 quemquam
1196 1836 1370 1872 vexaret
1401 1845 1558 1879 eorum,
1659 1834 1769 1874 1180

283 1905 328 1941 et
358 1899 486 1941 simul
517 1899 562 1940 in
594 1900 753 1941 somnis
783 1900 885 1954 quia
916 1900 1054 1941 multa
1084 1905 1129 1941 et
1159 1899 1267 1940 mira
1296 1899 1501 1942 videbant

283 1968 447 2010 efficere
478 1974 523 2010 et
553 1968 720 2009 nullum
751 1982 901 2023 capere
931 1968 1044 2024 ipsos
1074 1968 1174 2009 inde
1205 1968 1401 2010 laborem.

284 2044 506 2093 praeterea
536 2037 642 2079 caeli
672 2037 859 2079 rationes
889 2037 1035 2079 ordine
1067 2043 1182 2079 certo

285 2111 329 2147 et
359 2105 477 2147 varia
507 2120 715 2147 annorum
746 2106 979 2147 cernebant
1010 2111 1204 2161 tempora
1233 2105 1344 2147 verti

284 2190 363 2217 nec
392 2180 592 2231 poterant
622 2175 778 2230 quibus
808 2175 853 2216 id
884 2175 1005 2216 fieret
1036 2189 1285 2230 cognoscere
1317 2175 1465 2217 causis.
1659 2178 1763 2229 1185

285 2257 386 2300 ergo
416 2244 659 2300 perfugium
691 2243 772 2285 sibi
803 2243 1022 2285 habebant
1052 2243 1194 2284 omnia
1223 2243 1333 2284 divis

285 2312 453 2354 tradere
484 2318 528 2354 et
558 2312 725 2354 illorum
758 2317 870 2353 nutu
902 2313 1036 2353 facere
1067 2311 1210 2353 omnia
1239 2311 1364 2353 flecti.

285 2381 331 2423 in
361 2381 561 2437 caeloque
592 2382 721 2423 deum
752 2381 872 2423 sedes
903 2386 948 2423 et
979 2380 1140 2435 templa
1170 2380 1375 2430 locarunt,

286 2464 363 2505 per
392 2449 557 2491 caelum
588 2449 700 2490 volvi
731 2449 832 2505 quia
861 2463 945 2490 nox
976 2454 1020 2490 et
1051 2449 1154 2490 luna
1185 2448 1368 2497 videtur,

286 2517 389 2559 luna
419 2517 510 2559 dies
541 2523 586 2560 et
617 2532 700 2559 nox
731 2523 775 2559 et
806 2517 944 2559 noctis
975 2517 1097 2573 signa
1126 2531 1274 2558 severa
1662 2529 1772 2572 1190

172 2694 275 2727 used:
299 2693 444 2726 another
459 2693 648 2726 indication
663 2694 740 2726 that
756 2694 934 2728 Fontanus
950 2706 1030 2737 may
1044 2695 1132 2728 have
1148 2696 1217 2728 had
1232 2696 1427 2737 possession
1443 2697 1480 2728 of
1498 2695 1555 2728 the
1576 2706 1640 2728 ms.
1657 2696 1770 2730 before

171 2747 344 2780 Marullus.
481 2747 565 2779 1160
588 2750 677 2780 mala
693 2749 802 2781 added
817 2750 862 2791 by
876 2750 982 2782 Lach.
1028 2751 1089 2781 diu
1104 2750 1190 2782 Mar.
1206 2750 1282 2782 Ald.
1301 2751 1319 2782 1
1335 2751 1356 2782 J
1358 2752 1432 2782 unt.
1451 2751 1540 2792 vulg.
1685 2753 1769 2786 1177

171 2803 202 2832 E
208 2806 220 2833 t
237 2807 346 2833 tamen
361 2802 502 2834 omnino.
550 2803 600 2833 Et
614 2808 724 2834 manet
740 2805 870 2835 omnino
886 2803 1006 2835 Lamb.
1024 2806 1115 2835 most
1131 2804 1330 2844 perversely.
1438 2805 1521 2838 1178
1537 2806 1610 2838 ulla
1625 2807 1660 2838 vi
1675 2806 1768 2839 Brix.

172 2856 257 2888 Mar.
275 2856 350 2887 ΑΜ.
368 2857 385 2887 1
404 2856 499 2887 Junt.
517 2857 569 2888 for
583 2857 648 2889 illa
662 2859 709 2889 vi.
755 2859 819 2890 illa
836 2858 932 2900 (ulla)
951 2859 1026 2890 Ver.
1044 2859 1126 2890 Ven.
1270 2859 1353 2891 1189
1376 2868 1451 2890 nox.
1499 2860 1556 2891 lux
1571 2859 1677 2892 Lach.
1721 2863 1770 2893 sol

172 2909 294 2941 Lamb.
428 2910 512 2942 1190
527 2920 652 2942 severa.
697 2921 812 2943 serena
829 2911 1003 2944 Candidus
1019 2915 1054 2944 at
1070 2912 1136 2943 end
1152 2911 1189 2943 of
1202 2912 1222 2943 J
1226 2915 1300 2944 unt.
1316 2911 1423 2944 Lach.
1440 2911 1551 2944 which
1566 2913 1685 2945 Lamb.
1697 2915 1770 2947 also

170 2965 312 3006 prefers:
340 2963 399 2995 the
423 2963 553 3004 change
576 2966 612 2997 of
633 2975 750 2998 course
772 2967 802 2999 is
825 2977 905 3008 very
928 2967 1049 3007 slight;
1073 2967 1134 2999 but
1155 2977 1269 2999 severa
1293 2967 1322 2998 is
1345 2969 1381 2998 to
1405 2976 1463 3007 my
1486 2969 1574 2999 taste
1597 2968 1656 3001 the
1677 2979 1771 3002 more

286 3031 330 3061 M.
1602 3027 1654 3067 16
