1997 3267
217 218 274 258 42
1013 204 1036 246 Ι

335 327 464 368 quem
495 327 635 368 neque
669 313 782 353 fama
812 312 941 355 deum
972 328 1050 354 nec
1081 313 1262 354 fulmina
1291 328 1369 354 nec
1400 314 1623 356 minitanti

333 397 554 423 murmure
585 382 835 437 compressit
867 382 1044 433 caelum,
1075 383 1149 424 sed
1180 397 1229 424 eo
1261 382 1398 438 magis
1428 397 1568 425 acrem

334 449 488 491 inritat
518 450 653 491 animi
684 450 905 500 virtutem,
936 451 1162 507 effringere
1193 456 1243 492 ut
1274 456 1368 492 arta
1768 462 1826 506 70

334 523 514 559 naturae
546 518 710 574 primus
740 523 962 574 portarum
994 519 1179 560 claustra
1209 519 1386 574 cupiret.

335 603 435 644 ergo
467 588 610 629 vivida
639 588 704 629 vis
735 588 869 629 animi
899 588 1092 643 pervicit,
1123 594 1167 630 et
1198 594 1319 630 extra

334 656 538 711 processit
570 656 694 712 longe
725 656 994 697 flammantia
1023 657 1192 698 moenia
1222 657 1374 699 mundi

333 729 464 779 atque
495 739 620 766 omne
651 724 911 766 immensum
942 725 1185 781 peragravit
1216 731 1362 767 mente
1393 726 1632 782 animoque,

335 792 448 833 unde
478 792 609 833 refert
639 792 762 833 nobis
794 792 929 834 victor
960 793 1063 848 quid
1094 793 1230 849 possit
1261 794 1372 844 oriri,
1768 802 1821 847 75

335 862 438 917 quid
470 867 669 917 nequeat,
701 862 824 903 finita
854 868 1046 917 potestas
1076 863 1261 918 denique
1293 864 1447 919 cuique

335 946 520 986 quanam
551 931 608 972 sit
639 931 804 973 ratione
836 936 966 987 atque
997 932 1084 973 alte
1116 932 1326 973 terminus
1357 932 1547 974 haerens.

335 1015 465 1055 quare
496 1000 646 1056 religio
676 1001 860 1056 pedibus
890 1001 1083 1042 subiecta
1115 1001 1300 1042 vicissim

334 1070 559 1126 opteritur,
590 1085 666 1111 nos
697 1075 911 1125 exaequat
941 1070 1121 1112 victoria
1150 1071 1276 1113 caelo.

391 1138 508 1179 Illud
539 1138 584 1179 in
616 1138 683 1179 his
714 1139 842 1179 rebus
873 1153 1029 1188 vereor,
1060 1154 1114 1180 ne
1146 1139 1253 1181 forte
1284 1140 1416 1182 rearis
1769 1141 1827 1183 80

332 1207 451 1263 inpia
482 1213 526 1249 te
558 1208 736 1249 rationis
766 1208 875 1250 inire
907 1208 1121 1249 elementa
1151 1208 1350 1264 viamque

334 1277 563 1333 indugredi
593 1277 772 1318 sceleris.
833 1277 947 1332 quod
978 1284 1125 1319 contra
1155 1277 1325 1333 saepius
1354 1277 1430 1319 illa

333 1345 482 1401 religio
513 1345 681 1400 peperit
712 1345 918 1386 scelerosa
949 1351 1079 1400 atque
1111 1346 1244 1402 impia
1275 1346 1396 1389 facta.

334 1414 492 1455 Aulide
525 1430 608 1470 quo
639 1420 764 1470 pacto
796 1414 956 1456 Triviai
987 1415 1164 1471 virginis
1195 1430 1313 1456 aram

335 1482 603 1538 Iphianassai
634 1489 867 1538 turparunt
899 1484 1107 1540 sanguine
1139 1484 1259 1526 foede
1769 1487 1821 1538 85

334 1551 532 1593 ductores
562 1552 763 1593 Danaum
795 1552 961 1601 delecti,
992 1553 1131 1608 prima
1163 1553 1361 1596 virorum.

336 1620 406 1661 cui
437 1621 565 1662 simul
596 1621 733 1662 infula
764 1620 977 1677 virgineos
1008 1621 1271 1663 circumdata
1301 1627 1498 1678 comptus

336 1704 388 1730 ex
419 1696 603 1744 utraque
634 1690 727 1744 pari
759 1691 969 1731 malarum
1000 1696 1122 1746 parte
1152 1692 1376 1746 profusast‚

335 1763 380 1800 et
411 1764 625 1800 maestum
658 1759 785 1801 simul
818 1766 919 1801 ante
950 1775 1043 1801 aras
1074 1760 1243 1802 adstare
1275 1766 1497 1816 parentem

335 1826 470 1867 sensit
501 1833 544 1868 et
577 1827 690 1868 hunc
722 1833 896 1882 propter
927 1828 1084 1869 ferrum
1117 1829 1253 1870 celare
1284 1829 1502 1871 ministros
1768 1842 1827 1884 90

335 1901 598 1951 aspectuque
630 1911 706 1938 suo
738 1897 932 1938 lacrimas
964 1898 1182 1939 effundere
1213 1898 1329 1948 civis,

334 1969 457 2005 muta
488 1970 608 2006 metu
640 1970 799 2006 terram
830 1966 1014 2021 genibus
1045 1967 1272 2008 summissa
1301 1968 1491 2023 petebat.

334 2047 414 2074 nec
444 2033 623 2076 miserae
653 2035 852 2090 prodesse
884 2036 929 2076 in
960 2036 1038 2077 tali
1070 2042 1262 2091 tempore
1294 2037 1446 2092 quibat

336 2101 449 2156 quod
480 2103 619 2157 patrio
649 2104 847 2160 princeps
878 2105 1056 2146 donarat
1087 2105 1260 2146 nomine
1291 2120 1460 2162 regem3

336 2185 436 2211 nam
468 2172 639 2213 sublata
670 2172 809 2213 virum
842 2173 1041 2215 manibus
1071 2174 1431 2230 tremibundaque
1462 2175 1516 2216 ad
1546 2190 1640 2218 aras
1767 2187 1820 2230 95

336 2236 573 2287 deductast,
604 2253 689 2279 non
720 2246 770 2280 ut
802 2240 996 2281 sollemni
1028 2256 1143 2282 more
1175 2256 1388 2283 sacrorum

335 2307 522 2361 perfecto
554 2315 696 2363 posset
727 2309 837 2351 claro
869 2310 1062 2351 comitari
1095 2311 1359 2366 Hymenaeo,

336 2375 410 2415 sed
441 2381 558 2416 casta
588 2376 749 2418 inceste
780 2378 972 2419 nubendi
1002 2384 1196 2433 tempore
1228 2379 1271 2419 in
1302 2379 1395 2434 ipso

336 2442 477 2485 hostia
506 2445 747 2487 concideret
777 2453 970 2488 mactatu
1001 2452 1166 2488 maesta
1195 2448 1398 2503 parentis,

222 2600 337 2637 yentia
364 2598 416 2629 for
438 2600 605 2630 rellatum.
738 2600 779 2632 68
795 2602 904 2642 fama.
943 2604 1033 2643 fana
1055 2603 1167 2635 Bentl.
1191 2604 1261 2636 and.
1282 2604 1388 2636 Lach.
1413 2605 1488 2637 who
1512 2615 1591 2647 says
1615 2607 1730 2648 ‘fama
1752 2618 1823 2641 non

224 2650 339 2681 omnis
365 2652 556 2683 necessario
583 2662 702 2692 magma
729 2655 820 2686 est’:
846 2656 935 2695 fana
966 2666 1048 2696 may
1073 2656 1114 2687 be
1144 2656 1252 2696 right:
1285 2667 1338 2688 see
1365 2667 1386 2689 v
1413 2659 1478 2697 753
1512 2658 1575 2690 but
1599 2660 1697 2700 fama
1728 2661 1824 2693 deum

225 2713 332 2735 seems
348 2706 384 2736 to
399 2715 454 2736 me
470 2715 564 2737 more
579 2706 752 2746 emphatic
768 2708 837 2739 and
853 2709 911 2740 the
927 2710 1023 2741 deum
1038 2711 1073 2741 to
1089 2709 1130 2741 be
1144 2710 1338 2750 equivalent
1354 2714 1389 2743 to
1406 2721 1450 2743 an
1467 2712 1607 2752 epithet.

289 2758 330 2790 70
346 2759 520 2799 effrinyere
540 2759 695 2791 Priscian
717 2761 785 2792 and
809 2762 882 2793 also
907 2763 923 2793 I
944 2763 1016 2794 find
1033 2762 1126 2795 Flor.
1143 2765 1184 2796 29
1200 2764 1276 2796 Vat.
1299 2764 1382 2796 1136
1405 2765 1530 2797 Othob.
1547 2766 1640 2798 Mon.
1656 2776 1689 2807 p.
1707 2776 1753 2798 m.
1770 2768 1825 2800 for

223 2813 440 2852 confrinyere‚
464 2812 593 2853 rightly
615 2823 662 2845 no
685 2813 801 2845 doubt.
847 2817 1004 2848 virtutem
1030 2818 1136 2847 animi
1164 2818 1370 2857 confringere
1398 2818 1490 2851 Nicc.
1627 2820 1667 2852 71
1694 2823 1823 2861 cupiret

222 2865 327 2896 Prisc.
354 2866 383 2895 A
414 2874 498 2896 corr.
530 2866 583 2897 for
609 2873 749 2906 cuperet.
882 2869 923 2902 74
953 2880 1043 2901 omne
1072 2870 1102 2901 A
1128 2880 1212 2903 corr.
1243 2871 1335 2902 Flor.
1363 2873 1405 2903 28
1437 2872 1505 2904 and
1531 2873 1573 2904 32
1603 2873 1656 2904 for
1685 2884 1820 2907 omnem.

288 2921 328 2952 77
345 2929 490 2959 quanam
503 2920 533 2951 A
549 2930 636 2952 corr.
653 2921 706 2953 for
722 2927 894 2962 quantum.
1003 2925 1045 2956 83
1068 2930 1179 2965 atque.
1226 2936 1265 2957 ac
1281 2926 1310 2956 B
1326 2927 1397 2958 and
1413 2927 1505 2960 Gott.
1619 2929 1661 2959 84
1687 2930 1821 2962 Triviai

222 2973 328 3006 Prisc.
345 2974 397 3005 for
415 2975 560 3007 Triviat.
692 2977 733 3009 85
749 2978 968 3018 Iphianassai
982 2979 1012 3010 A
1027 2988 1112 3012 corr.
1131 2979 1259 3012 Avanc.
1276 2981 1329 3012 for
1344 2982 1558 3022 Iphianassa.
1602 2984 1822 3024 Iphianasseo
