1997 3267
225 203 279 243 86
1000 200 1047 241 II

335 308 527 350 ardorem
558 308 603 349 in
634 308 769 363 partis
800 313 844 350 et
875 308 1037 349 lumine
1068 307 1250 349 conserit
1281 321 1405 358 arva;

335 378 381 419 in
411 383 547 419 terras
578 377 716 433 igitur
746 392 914 432 quoque
946 377 1044 418 solis
1074 376 1266 430 vergitur
1295 375 1428 417 ardor.

336 452 681 502 transversosque
712 447 851 487 volare
882 461 958 501 per
987 445 1135 487 imbris
1166 444 1346 485 fulmina
1377 444 1534 486 cernis:

336 531 451 556 nunc
481 515 582 556 hinc
612 530 725 556 nunc
755 515 873 556 illinc
903 515 1075 570 abrupti
1105 513 1294 555 nubibus
1324 513 1445 568 ignes

336 589 614 635 concursant3
650 583 764 624 cadit
794 583 840 624 in
870 588 1004 624 terras
1034 583 1097 624 vis
1129 582 1326 623 flammea
1358 581 1488 637 volgo.
1737 593 1814 635 215

395 653 509 694 Illud
541 653 585 692 in
616 652 681 692 his·
713 666 880 707 quoque
912 658 954 693 te
985 651 1112 693 rebus
1142 665 1391 706 cognoscere
1423 664 1610 699 avemus,

337 736 507 776 corpora
539 735 636 761 cum
667 720 864 761 deorsum
895 726 1060 760 rectum
1091 734 1166 774 per
1197 719 1323 759 inane
1355 718 1551 759 feruntur

337 790 594 845 ponderibus
625 789 816 844 propriis,
846 803 888 830 se
918 789 1079 830 incerto
1111 795 1300 843 tempore
1332 788 1462 829 ferme

337 858 594 912 incertisque
626 857 725 898 locis
757 856 894 911 spatio
925 857 1136 911 depellere
1168 857 1357 911 paulum,

337 932 509 968 tantum
541 925 652 981 quod
683 940 853 966 momen
884 931 1101 966 mutatum
1132 925 1271 966 dicere
1302 923 1444 979 possis.
1738 934 1823 965 220

338 994 450 1050 quod
480 994 563 1034 nisi
593 993 804 1035 declinare
835 993 1030 1043 solerent,
1061 993 1203 1034 omnia
1233 992 1442 1041 deorsum,

338 1063 486 1104 imbris
516 1063 583 1104 uti
613 1068 777 1118 guttae,
808 1062 1009 1104 caderent
1040 1077 1116 1117 per
1145 1062 1272 1103 inane
1305 1060 1575 1116 profundum,

338 1147 416 1173 nec
447 1132 555 1173 foret
587 1131 771 1172 offensus
801 1136 929 1172 natus
959 1146 1037 1173 nec
1069 1132 1196 1187 plaga
1227 1136 1370 1172 creata

338 1201 581 1257 principiis:
621 1200 683 1241 ita
714 1200 774 1241 nil
806 1215 1010 1255 umquam
1041 1206 1197 1241 natura
1226 1205 1419 1242 creasset.

399 1269 522 1321 Quod
553 1269 589 1310 si
621 1270 727 1311 forte
758 1269 913 1325 aliquis
944 1270 1079 1311 credit
1110 1269 1304 1325 graviora
1334 1274 1502 1324 potesse
1741 1278 1820 1320 225

340 1353 522 1393 corpora,
554 1353 637 1393 quo
667 1338 795 1379 citius
826 1343 990 1379 rectum
1021 1352 1096 1393 per
1126 1337 1252 1378 inane
1284 1337 1491 1386 feruntur,

339 1407 525 1448 incidere
557 1422 607 1448 ex
639 1421 792 1461 supero
822 1406 1051 1448 levioribus
1081 1411 1211 1461 atque
1243 1405 1305 1446 ita
1335 1405 1486 1461 plagas

339 1476 514 1533 gignere
546 1491 654 1531 quae
686 1476 849 1531 possint
879 1475 1081 1531 genitalis
1111 1475 1287 1516 reddere
1318 1480 1472 1522 motus

340 1546 460 1587 avius
491 1560 515 1586 a
547 1560 647 1586 vera
677 1545 800 1600 longe
831 1545 995 1585 ratione
1027 1543 1197 1585 recedit.

339 1630 439 1656 nam
470 1629 546 1670 per
575 1628 708 1669 aquas
739 1627 1031 1668 quaecumque
1063 1613 1222 1653 cadunt
1252 1618 1382 1667 atque
1414 1627 1511 1653 aera
1541 1626 1695 1661 rarum,
1741 1622 1826 1663 230

342 1683 445 1724 haec
475 1698 550 1738 pro
581 1681 838 1737 ponderibus
870 1696 989 1722 casus
1020 1681 1200 1722 celerare
1231 1686 1443 1722 necessest

338 1757 563 1807 propterea
592 1751 693 1806 quia
724 1765 874 1806 corpus
904 1764 1039 1804 aquae
1070 1756 1308 1804 naturaque
1339 1749 1478 1790 tenvis

340 1821 448 1862 aeris
478 1821 584 1861 haut
615 1825 794 1875 possunt
825 1833 958 1873 aeque
989 1833 1078 1859 rem
1110 1833 1324 1873 quamque
1355 1817 1520 1867 morari,

341 1889 413 1930 sed
445 1889 572 1930 citius
604 1887 761 1929 cedunt
792 1886 1057 1942 gravioribus
1088 1892 1364 1941 exsuperata3

341 1962 388 1998 at
418 1962 565 1997 contra
595 1955 703 1997 nulli
734 1955 786 1996 de
819 1955 936 1995 nulla
967 1959 1087 2008 parte
1119 1969 1256 2009 neque
1288 1954 1374 1995 ullo
1741 1962 1820 2005 235

342 2031 533 2081 tempore
564 2026 691 2066 inane
721 2029 864 2080 potest
896 2038 1076 2064 vacuum
1108 2023 1337 2064 subsistere
1368 2023 1441 2072 rei,

344 2094 459 2149 quin,
490 2109 565 2135 sua
596 2094 709 2149 quod
739 2098 894 2134 natura
924 2092 1046 2147 petit,
1079 2091 1305 2132 concedere
1336 2099 1513 2147 pergat3

344 2161 487 2203 omnia
517 2166 775 2216 quapropter
804 2161 963 2201 debent
994 2175 1069 2214 per
1100 2159 1225 2200 inane
1257 2159 1452 2214 quietum

344 2245 478 2285 aeque
509 2231 767 2285 ponderibus
799 2245 882 2271 non
913 2229 1059 2284 aequis
1090 2229 1256 2269 concita
1287 2228 1396 2269 ferri.

345 2298 459 2340 haud
490 2299 623 2354 igitur
652 2304 856 2353 poterunt
888 2297 1115 2339 levioribus
1146 2297 1330 2338 incidere
1361 2310 1565 2351 umquam
1741 2306 1824 2346 240

347 2382 399 2410 ex
430 2383 581 2423 supero
612 2367 805 2423 graviora
834 2381 973 2422 neque
1003 2366 1114 2407 ictus
1144 2365 1319 2421 gignere
1349 2379 1426 2421 per
1455 2379 1499 2406 se

235 2533 272 2554 or
298 2524 445 2554 aetherio
473 2523 510 2554 of
538 2522 631 2554 older
659 2523 804 2554 editors:
837 2524 922 2554 caeli
948 2522 966 2553 I
991 2521 1062 2553 had
1088 2520 1213 2561 myself
1240 2519 1391 2551 restored
1421 2519 1509 2550 from
1539 2516 1609 2549 Cic.
1635 2517 1728 2548 Arat.
1760 2517 1823 2551 297

233 2589 354 2610 summo
378 2579 463 2609 caeli
487 2579 525 2609 cle
548 2580 669 2609 vertice
695 2583 842 2609 tranans.
974 2578 1037 2608 214
1060 2577 1206 2616 abrupti.
1252 2576 1403 2615 abruptis
1427 2574 1532 2605 Macr.
1556 2573 1620 2604 sat.
1644 2581 1678 2602 Vl
1703 2572 1719 2602 1
1744 2572 1797 2604 27.

275 2633 338 2663 218
361 2642 392 2663 se
416 2631 523 2663 added
546 2631 589 2671 by
612 2631 676 2664 Ed.
718 2633 822 2671 ferme
845 2632 935 2662 Flor.
960 2631 1000 2662 31
1025 2630 1141 2662 Camb.
1166 2630 1251 2661 Mar.
1278 2629 1330 2660 for
1344 2629 1454 2669 firme.
1655 2626 1716 2658 219
1740 2634 1822 2657 mss.

234 2696 290 2718 are
310 2686 403 2725 quite
424 2685 534 2725 right:
560 2695 614 2716 see
635 2688 732 2716 notes
757 2686 795 2716 2:
823 2687 886 2716 loci
908 2686 1028 2725 spatiis
1053 2685 1207 2716 decellere
1230 2682 1335 2714 Lach.
1354 2682 1465 2713 whom
1484 2681 1503 2712 I
1523 2680 1636 2712 before
1657 2679 1822 2712 followed.

276 2741 339 2772 220
361 2750 493 2771 momen.
540 2741 709 2771 ῃιίηἱήιιιηι
731 2742 796 2770 two
820 2739 896 2771 Vat.
925 2739 992 2770 and
1016 2738 1071 2769 old
1094 2737 1162 2770 eds.
1189 2738 1303 2769 before
1327 2737 1425 2768 Junt.
1571 2734 1634 2766 226
1651 2735 1821 2775 feruntur.

229 2794 387 2833 serantur
402 2793 489 2824 Vict.
659 2793 720 2826 227
732 2794 853 2833 playas
869 2793 898 2823 B
914 2802 999 2824 corr.
1016 2792 1083 2823 and
1098 2791 1218 2823 Lamb.
1236 2791 1287 2822 for
1298 2792 1391 2831 play.
1434 2790 1544 2829 plaqis
1560 2787 1651 2819 Nico.
1669 2785 1825 2818 followed

235 2846 278 2886 by
301 2846 347 2877 all
368 2846 481 2877 before
504 2845 623 2877 Lamb.
752 2846 814 2877 229
839 2846 942 2876 Avius
965 2844 1056 2876 Nicc.
1080 2845 1131 2875 for
1154 2845 1270 2875 Aulus.
1407 2843 1469 2873 233
1493 2842 1588 2872 Aeris
1615 2841 1705 2872 haud
1728 2838 1821 2870 Nice.

235 2900 287 2931 for
309 2901 466 2931 Haeraut
488 2899 526 2936 A,
551 2899 714 2930 Haeraud
735 2898 763 2929 B
789 2898 883 2929 Gott.
1007 2898 1070 2929 234
1093 2902 1290 2938 exsuperata
1313 2896 1398 2928 Mar.
1423 2896 1519 2927 Junt.
1543 2894 1595 2925 for
1620 2897 1822 2934 exsuperate.

237 2958 449 2994 exsuperatae
473 2952 564 2983 Nice.
589 2952 734 2992 perhaps
757 2951 895 2992 rightly.
1049 2952 1112 2984 240
1131 2957 1286 2992 poterunt
1310 2951 1400 2983 Flor.
1429 2951 1469 2982 31
1495 2949 1613 2981 Camb.
1638 2949 1690 2980 for
1712 2952 1823 2988 potue—
