1997 3267
221 190 304 242 236
337 247 340 250 ᾗ
993 187 1034 229 V

335 294 409 335 sed
440 294 551 335 bona
581 309 823 350 magnaque
854 309 952 350 pars
985 294 1184 336 servabat
1216 294 1385 336 foedera
1416 303 1553 346 caste,
1716 306 1818 349 1025

334 367 410 403 aut
441 376 576 418 genus
607 362 844 403 humanum
877 362 963 403 iam
995 369 1088 404 tum
1121 363 1229 404 foret
1260 377 1385 404 omne
1416 369 1689 419 peremptum

334 446 413 473 neo
443 431 654 487 potuisset
685 432 826 473 adhuc
855 431 1087 487 perducere
1118 431 1255 472 saecla
1286 446 1484 487 propago.

392 500 455 541 At
486 500 623 541 varios
654 490 826 556 linguae
858 499 1024 541 sonitus
1054 505 1210 541 natura
1242 500 1414 556 subegit

334 568 509 610 mittere
542 574 587 610 et
618 569 785 610 utilitas
816 569 1025 624 expressit
1054 569 1230 610 nomina
1260 584 1413 619 rerum,

334 652 418 678 non
449 637 534 678 alia
565 638 690 693 longe
721 638 886 679 ratione
917 643 1047 693 atque
1078 639 1171 694 ipsa
1202 638 1375 679 videtur
1715 651 1822 692 1030

335 706 582 761 protrahere
614 706 667 747 ad
698 712 871 762 gestum
902 721 1055 762 pueros
1085 707 1270 748 infantia
1300 707 1485 763 linguae,

335 791 432 816 cum
464 775 565 816 facit
598 781 646 817 ut
677 776 816 832 digito
847 791 957 831 quae
989 775 1076 818 sint
1107 776 1350 831 praesentia
1382 781 1631 818 monstrent.

336 844 468 885 sentit
498 844 613 885 enim
645 844 732 885 vim
764 844 944 900 quisque
975 859 1094 886 suam
1128 845 1268 900 quoad
1298 844 1433 900 possit
1464 844 1597 887 abuti.

335 928 491 954 cornua
521 920 623 955 nata
653 914 772 968 prius
802 914 939 955 vitulo
970 929 1099 969 quam
1132 914 1343 955 frontibus
1374 919 1536 964 extent,

335 982 419 1023 illis
449 982 584 1023 iratus
616 983 728 1037 petit
759 988 889 1037 atque
921 983 1101 1024 infestus
1132 983 1314 1039 inurget.
1716 992 1819 1036 1035

335 1056 380 1091 at
411 1050 543 1091 catuli
573 1050 879 1105 pantherarum
911 1051 1158 1106 scymnique
1190 1051 1361 1092 leonum

336 1120 554 1175 unguibus
585 1135 632 1161 ac
663 1120 844 1175 pedibus
875 1121 960 1161 iam
992 1126 1086 1161 tum
1119 1134 1345 1175 morsuque
1377 1125 1631 1175 repugnant,

337 1188 407 1228 vix
439 1188 569 1229 etiam
602 1203 699 1229 cum
731 1195 834 1230 sunt
864 1189 1014 1231 dentes
1045 1203 1296 1244 unguesque
1329 1187 1470 1229 creati.

337 1257 521 1298 alituum
553 1271 675 1312 porro
705 1271 843 1313 genus
874 1257 951 1298 alis
983 1272 1106 1299 omne
1140 1257 1334 1298 videmus

337 1326 466 1368 fidere
498 1332 542 1368 et
573 1342 598 1368 a
627 1327 771 1383 pinnis
802 1328 1037 1369 tremulum
1070 1333 1215 1382 petere
1246 1325 1516 1367 auxiliatum.
1716 1336 1824 1376 1040

337 1395 513 1450 proinde
544 1402 696 1451 putare
727 1396 914 1451 aliquem
946 1402 1040 1437 tum
1073 1397 1245 1437 nomina
1275 1395 1545 1437 distribuisse

337 1464 463 1505 rebus
494 1470 538 1506 et
568 1465 667 1506 inde
699 1464 892 1506 homines
922 1465 1118 1507 didicisse
1150 1465 1355 1507 vocabula
1384 1465 1533 1521 prima,

336 1531 579 1587 desiperest.
622 1548 720 1573 nam
752 1548 826 1574 cur
857 1533 925 1574 hic
956 1539 1098 1588 posset
1129 1540 1283 1575 cuncta
1313 1540 1462 1575 notare

338 1601 509 1642 vocibus
541 1608 584 1643 et
615 1601 751 1643 varios
782 1602 946 1643 sonitus
977 1603 1174 1644 emittere
1205 1603 1390 1658 linguae,

338 1675 529 1723 tempore
561 1669 708 1710 eodem
741 1669 814 1711 alii
844 1670 980 1711 facere
1011 1670 1056 1711 id
1086 1685 1171 1711 non
1203 1671 1343 1725 quisse
1375 1671 1616 1725 putentur?
1716 1679 1817 1720 1045

338 1744 558 1792 praeterea
589 1738 624 1778 si
655 1753 740 1779 non
770 1738 844 1779 alii
874 1753 1042 1794 quoque
1074 1739 1248 1780 vocibus
1278 1738 1345 1779 usi

338 1807 450 1847 inter
480 1821 524 1847 se
556 1807 737 1855 fuerant,
768 1807 881 1848 unde
913 1807 1041 1848 insita
1074 1807 1249 1848 notities
1281 1812 1348 1848 est

339 1875 544 1916 utilitatis
575 1882 618 1916 et
650 1876 763 1917 unde
794 1876 896 1918 data
927 1882 992 1917 est
1023 1876 1123 1918 huic
1154 1876 1292 1932 prima
1322 1881 1524 1933 potestas,

338 1944 441 2000 quid
472 1945 601 1987 vellet
632 1946 768 1987 facere
800 1951 850 1987 ut
881 1945 1008 1987 sciret
1038 1945 1265 2002 animoque
1297 1946 1493 1988 videret?

223 2135 367 2164 omnium
384 2133 418 2164 of
433 2143 497 2165 one
513 2134 588 2166 Vat.
609 2134 677 2165 and
693 2135 768 2167 Ald.
791 2136 809 2166 1
965 2136 1048 2167 1025
1066 2142 1153 2168 caste
1167 2136 1257 2168 Flor.
1276 2137 1316 2168 31
1333 2137 1386 2168 for
1401 2138 1498 2167 casti.
1543 2137 1720 2167 servabant
1736 2138 1821 2168 casti

225 2187 310 2218 Mar.
329 2187 348 2217 J
352 2189 425 2218 unt.
442 2187 563 2219 Lamb.
581 2188 668 2228 vulg.
692 2191 851 2230 contrary
867 2192 902 2221 to
919 2199 1022 2230 usage
1039 2190 1075 2222 of
1089 2190 1189 2222 Lucr.
1388 2191 1471 2221 1032
1486 2195 1664 2222 monstrent
1681 2189 1766 2222 Mar.
1784 2200 1822 2222 or

225 2240 316 2272 Mon.
337 2239 406 2271 and
423 2240 520 2272 Junt.
538 2241 589 2272 for
606 2247 770 2274 monstret.
817 2243 906 2274 Flor.
925 2243 967 2274 30
987 2243 1049 2274 has
1070 2243 1128 2275 the
1149 2243 1247 2274 mark
1271 2243 1307 2274 of
1328 2254 1350 2274 τι
1373 2253 1451 2274 over
1472 2243 1529 2274 the
1549 2254 1574 2283 e,
1595 2243 1655 2275 but
1671 2243 1822 2276 whether

225 2296 313 2326 from
330 2295 388 2327 the
403 2296 497 2328 hand
514 2297 548 2328 of
564 2297 657 2328 Nice.
675 2297 691 2327 Ι
708 2297 808 2329 could
823 2300 884 2328 not
900 2298 971 2329 tell.
1148 2298 1231 2328 1033
1247 2299 1312 2328 vim
1326 2297 1419 2328 Brix.
1438 2297 1477 2339 (5²)
1495 2297 1570 2330 Ver.
1590 2297 1672 2330 Ven.
1692 2298 1820 2329 Avanc.

224 2349 352 2381 sorvis.
397 2352 537 2382 vi...su<z
558 2351 649 2382 Flor.
673 2352 712 2382 31
736 2351 822 2383 Mar.
844 2352 940 2383 Junt.
987 2353 1156 2384 vis...suas
1180 2352 1263 2383 Luc.
1286 2351 1425 2383 Mueller
1446 2351 1487 2383 de
1508 2362 1543 2383 re
1565 2353 1665 2383 metr.
1687 2362 1720 2392 p.
1743 2353 1816 2391 382,

225 2403 368 2444 perhaps
384 2404 526 2444 rightly:
550 2414 659 2444 comp.
678 2415 705 2435 11
723 2405 785 2436 586
801 2415 843 2436 111
860 2405 932 2437 265.
1026 2406 1113 2446 quod
1129 2405 1184 2436 i.e.
1203 2406 1312 2445 quoad
1327 2405 1397 2436 AB.
1443 2415 1542 2445 quam
1558 2406 1680 2438 Avanc.
1698 2405 1819 2438 Lamb.

225 2458 261 2487 in
274 2457 320 2488 all
333 2458 352 2488 3
364 2457 433 2489 eds.
448 2458 572 2489 Creeeh
588 2461 668 2490 ete:
688 2459 806 2490 Lamb.
823 2469 901 2500 says
916 2460 954 2491 in
969 2459 1025 2491 his
1041 2463 1139 2492 notes
1156 2460 1232 2491 that
1244 2460 1287 2491 he
1302 2459 1371 2491 had
1385 2469 1468 2491 once
1484 2459 1632 2499 thought
1648 2460 1683 2491 of
1700 2461 1819 2500 quoad,

225 2511 285 2543 but
307 2512 411 2543 much
433 2512 603 2552 preferred
627 2524 735 2554 quam.
865 2515 948 2546 1035
971 2516 1113 2556 infestus
1135 2515 1226 2546 Flor.
1251 2516 1291 2546 31
1317 2515 1401 2546 Mar.
1426 2514 1521 2547 Junt.
1549 2515 1696 2554 Nauger.
1718 2514 1817 2546 Wak.

224 2566 328 2597 Lach.
346 2567 398 2597 for
414 2568 564 2607 infessus.
612 2569 756 2609 infensus
773 2569 865 2600 Mon.
883 2570 982 2603 Pont.
1002 2569 1127 2602 Avanc.
1147 2569 1286 2602 Lamb.:
1311 2569 1373 2600 but
1397 2570 1534 2609 infestus
1556 2568 1585 2600 is
1601 2579 1622 2601 a
1637 2568 1818 2600 Lucretiam

224 2620 324 2660 word,
346 2622 491 2660 infensus
507 2622 567 2652 not
752 2623 834 2654 1038
855 2624 918 2654 Vix
934 2625 1034 2655 etiam
1050 2634 1122 2655 cum
1138 2623 1222 2654 Mar.
1239 2623 1335 2654 Junt.
1354 2623 1407 2655 for
1426 2625 1491 2654 Vix
1507 2625 1590 2654 tiam
1604 2633 1678 2654 cum
1691 2623 1731 2662 B,
1755 2624 1818 2654 Via:

226 2676 291 2705 iam
307 2684 378 2705 cum
397 2675 427 2705 A
447 2674 539 2706 Nice.
559 2677 621 2708 etc.
673 2676 738 2707 Vix
759 2687 885 2717 quoque
906 2679 974 2708 iant
997 2687 1069 2708 cum
1089 2678 1180 2709 Flor.
1202 2679 1252 2709 31.
1306 2678 1369 2708 Vix
1390 2679 1459 2708 iam
1479 2679 1579 2709 etiam
1599 2687 1670 2709 cum
1689 2677 1817 2708 Avanc.

230 2728 292 2759 Via:
310 2730 377 2759 iam
393 2738 465 2759 cum
480 2730 562 2768 ipsis
578 2728 678 2760 Pont.
697 2729 841 2770 Nauger.
858 2730 980 2762 Lamb.
997 2731 1048 2762 ed.
1067 2732 1084 2762 1
1102 2731 1169 2762 and
1186 2732 1222 2769 23
1250 2732 1316 2763 Vim
1333 2732 1408 2763 dum
1424 2732 1525 2762 etiam
1539 2741 1611 2762 cum
1626 2730 1678 2762 ed.
1695 2731 1726 2763 3.

268 2782 350 2814 1039
362 2793 460 2822 porro
477 2782 551 2814 Ald.
570 2784 587 2813 1
604 2783 700 2815 Junt.
718 2785 769 2815 for
780 2795 952 2825 proporro.
1114 2787 1196 2818 1040
1207 2788 1324 2827 pinnis
1339 2786 1379 2824 B,
1392 2787 1512 2827 pennis
1527 2785 1556 2816 A
1571 2785 1705 2816 Nonius
1721 2785 1812 2818 Nico.

227 2839 273 2876 (vr
289 2837 351 2867 834
363 2838 545 2876 pinnarum
560 2837 598 2877 A,
615 2847 801 2877 pennarum
816 2839 868 2881 B).
1065 2841 1149 2872 1048
1171 2842 1339 2872 Utilitatis
1356 2846 1387 2872 et
1404 2841 1489 2871 Mar.
1506 2840 1633 2871 Avanc.
1650 2840 1747 2872 Junt.
1765 2840 1816 2872 for

231 2891 368 2921 Utilitas
386 2895 426 2921 et.
472 2890 547 2922 Ald.
566 2891 583 2921 1
599 2890 663 2923 has
685 2891 742 2923 the
759 2893 921 2933 misprint
948 2894 1115 2926 Utilitatis
1137 2896 1247 2932 etiam,
1265 2894 1325 2925 but
1346 2894 1472 2925 Avanc.
1490 2895 1636 2924 correcte
1650 2893 1678 2924 it
1694 2896 1730 2925 at
1750 2893 1816 2925 end

226 2946 262 2977 of
281 2945 336 2976 his
359 2945 524 2977 Catullus».
570 2946 674 2978 Lach.
693 2947 789 2979 takes
807 2958 852 2978 no
868 2948 981 2980 notice
997 2950 1034 2980 of
1054 2949 1123 2981 this
1139 2949 1209 2982 and
1231 2949 1361 2981 similar
1383 2948 1598 2986 correctionS,
1615 2948 1745 2988 though
1760 2948 1815 2980 his
