1997 3267
237 181 317 221 140
984 164 1056 206 III

345 272 404 313 sic
434 271 602 312 animus
631 285 708 326 per
738 284 782 312 se
812 284 898 311 non
927 269 1023 324 quit
1054 269 1146 310 sine
1177 283 1348 324 corpore
1379 273 1424 310 et
1455 269 1547 324 ipso

345 353 435 380 esse
467 338 650 388 homine,
681 338 797 378 illius
829 336 951 392 quasi
982 337 1095 392 quod
1129 351 1201 378 vas
1232 351 1318 378 esse
1351 336 1519 378 videtur
1744 346 1821 391 555

344 407 432 448 sive
463 407 581 448 aliud
612 406 716 462 quid
747 406 810 447 vis
841 406 985 460 potius
1015 405 1286 447 coniunctius
1317 405 1357 447 ei

342 476 514 532 fingere,
545 475 891 531 quandoquidem
923 489 1084 516 conexu
1116 489 1267 529 corpus
1298 474 1512 516 adhaeret.

401 544 598 599 Denique
629 543 811 598 corporis
842 547 972 597 atque
1002 542 1135 583 animi
1165 542 1309 583 vivata
1338 546 1529 597 potestas

342 612 456 653 inter
485 626 530 653 se
560 611 787 653 coniuncta
817 611 961 651 valent
992 610 1166 665 vitaque
1197 610 1427 662 fruuntur;

341 693 420 722 nee
449 680 540 721 sine
570 694 740 735 corpore
771 679 887 720 enim
917 678 1060 720 vitalis
1090 679 1214 720 edere
1245 683 1388 719 motus
1745 678 1826 731 560

343 748 430 789 sola
458 753 601 804 potest
631 747 764 788 animi
794 761 870 801 per
900 761 944 787 se
975 752 1130 788 natura
1161 760 1238 787 nec
1269 751 1416 786 autem

342 831 507 857 cassum
539 815 682 856 anima
711 829 862 869 corpus
893 815 1045 856 durare
1077 820 1121 856 et
1152 814 1348 855 sensibus
1379 813 1458 857 uti.

342 884 503 925 scilicet
533 884 700 925 avolsus
730 883 943 924 radicibus
974 888 1024 924 ut
1054 883 1206 938 nequit
1236 883 1367 923 ullam

343 954 548 1009 dispicere
579 953 669 1008 ipse
699 952 846 994 oculus
876 967 966 993 rem
997 966 1184 993 seorsum
1216 966 1385 1006 corpore
1417 956 1519 1001 toto,

342 1024 402 1064 sic
431 1023 575 1064 anima
603 1028 734 1077 atque
764 1021 933 1062 animus
963 1035 1039 1076 per
1068 1035 1111 1062 se
1142 1020 1203 1060 nil
1232 1035 1353 1075 posse
1384 1019 1565 1062 videtur.
1743 1019 1821 1071 565

344 1091 547 1131 nimirum
579 1090 680 1145 quia
704 1104 785 1144 per
815 1103 945 1129 venas
976 1094 1020 1129 et
1050 1088 1211 1129 viscera
1242 1088 1424 1137 mixtim,

343 1174 419 1214 per
447 1173 598 1200 nervos
629 1164 759 1213 atque
790 1172 893 1206 ossa,
927 1162 1131 1198 tenentur
1162 1171 1331 1212 corpore
1363 1156 1417 1198 ab
1448 1155 1565 1198 omni

343 1241 421 1268 nec
452 1226 618 1282 magnis
648 1225 886 1267 intervallis
916 1224 1147 1280 primordia
1178 1229 1358 1279 possunt

344 1297 477 1338 libera
507 1295 747 1344 dissultare,
777 1294 872 1335 ideo
903 1294 1099 1335 conclusa
1129 1298 1359 1334 moventur

343 1364 564 1406 sensiferos
596 1368 737 1404 motus
768 1377 873 1417 quos
903 1369 1024 1403 extra
1056 1376 1207 1416 corpus
1238 1361 1283 1401 in
1314 1374 1439 1402 auras
1744 1368 1826 1413 570

342 1433 451 1474 aeris
481 1432 589 1473 haut
618 1436 798 1487 possunt
828 1436 924 1486 post
956 1436 1136 1471 mortem
1167 1431 1303 1471 eiecta
1333 1429 1493 1470 moveri

341 1506 568 1556 propterea
597 1500 698 1555 quia
728 1514 813 1540 non
843 1499 973 1540 simili
1002 1499 1167 1540 ratione
1198 1504 1412 1540 tenentur.

342 1584 493 1625 corpus
522 1569 637 1610 enim
667 1575 797 1624 atque
828 1569 1020 1609 animans
1051 1569 1133 1609 erit
1163 1583 1244 1617 aer,
1275 1568 1311 1609 si
1340 1567 1536 1609 cohibere

342 1653 432 1680 sese
462 1638 604 1680 anima
634 1644 763 1692 atque
794 1638 839 1677 in
870 1652 918 1678 eo
949 1636 1106 1691 poterit
1137 1636 1386 1677 concludere
1418 1641 1561 1677 motus

342 1722 447 1763 quos
477 1713 577 1749 ante
608 1707 653 1747 in
683 1707 824 1747 nervis
855 1712 899 1747 et
930 1706 975 1746 in
1005 1706 1097 1761 ipso
1128 1720 1297 1760 corpore
1328 1704 1492 1760 agebat.
1742 1713 1819 1757 575

230 1788 310 1832 592
342 1777 446 1832 quin
477 1777 607 1818 etiam
639 1776 734 1816 finis
764 1775 867 1816 dum
899 1775 1012 1816 vitae
1045 1774 1227 1815 vertitur
1256 1774 1381 1823 intra,

341 1860 465 1901 saepe
496 1845 640 1899 aliqua
670 1851 815 1885 tamen
845 1858 868 1884 e
900 1857 1026 1884 causa
1057 1842 1266 1884 labefacta
1297 1842 1469 1884 videtur

342 1915 403 1955 ire
433 1914 576 1955 anima
607 1927 655 1953 ac
688 1918 777 1953 toto
809 1912 920 1953 solui
951 1911 1003 1952 de
1035 1926 1205 1966 corpore
1235 1911 1337 1953 velle

232 1993 308 2037 595
344 1988 388 2023 et
419 1981 540 2037 quasi
571 1995 769 2036 supremo
801 1980 1074 2036 languescere
1106 1985 1298 2034 tempore
1330 1978 1471 2020 voltus

343 2051 571 2106 molliaque
602 2049 808 2105 exsangui
837 2054 983 2091 trunco
1013 2048 1161 2090 cadere
1192 2047 1335 2089 omnia
1364 2046 1563 2089 membra.
1745 2046 1826 2098 580

230 2205 309 2241 tabi,
329 2201 478 2233 whether
494 2201 552 2232 the
569 2201 656 2231 tabes
673 2209 785 2231 comes
801 2201 837 2231 at
852 2208 936 2230 once
952 2208 989 2229 or
1004 2207 1102 2238 years
1118 2197 1222 2236 after3
1247 2206 1283 2228 so
1300 2196 1376 2228 that
1393 2201 1501 2227 tamen
1515 2196 1553 2226 in
1563 2204 1668 2235 parvo
1685 2199 1824 2236 tempore

229 2257 340 2289 would
354 2257 442 2288 have
458 2266 504 2287 no
520 2255 689 2294 meaning.
837 2255 899 2285 555
917 2255 1043 2285 homine
1061 2252 1117 2284 old
1133 2252 1202 2283 eds.
1219 2251 1271 2282 for
1288 2253 1456 2284 hominem.
1506 2261 1565 2282 vas
1581 2260 1646 2281 esse
1662 2249 1755 2282 Nice.
1772 2250 1825 2282 for

228 2322 331 2343 vasse.
474 2311 536 2343 557
553 2311 615 2341 558
631 2309 736 2342 Lach.
756 2309 821 2340 has
836 2318 881 2340 no
899 2310 975 2347 stop
991 2307 1078 2338 after
1095 2308 1263 2343 adhaeret,
1281 2306 1350 2337 and
1364 2315 1385 2337 a
1401 2312 1534 2337 comma
1551 2305 1637 2336 after
1651 2305 1823 2345 Denique:

229 2367 292 2397 558
307 2364 424 2404 begins
441 2374 461 2396 a
480 2374 553 2395 new
568 2363 778 2404 paragraph3
804 2362 874 2394 and
894 2363 911 2393 1
931 2361 1003 2392 find
1025 2361 1113 2392 from
1134 2360 1188 2392 his
1210 2360 1437 2400 proof-sheets
1459 2359 1536 2391 that
1557 2358 1600 2390 he
1621 2359 1747 2391 altered
1766 2359 1825 2392 the

229 2419 329 2451 usual
343 2417 570 2459 punctuation
587 2418 668 2457 only
683 2417 719 2448 in
735 2417 791 2448 his
808 2416 892 2448 final
908 2416 1026 2447 revise.
1187 2414 1249 2446 564
1266 2415 1335 2454 ipse
1352 2415 1462 2446 oculus
1479 2413 1568 2445 Flor.
1589 2413 1630 2444 31
1647 2413 1732 2444 Mar.
1750 2412 1825 2455 (not
1855 2421 1860 2424 “

229 2473 322 2505 Nico.
347 2472 463 2505 Camb.
487 2472 577 2503 Brix.
604 2472 679 2503 Ver.
705 2481 742 2503 or
765 2471 865 2513 Ven.)
889 2471 942 2501 for
964 2471 1076 2502 oculus
1099 2471 1177 2509 ipse.
1371 2469 1434 2500 566
1451 2478 1514 2509 per
1536 2466 1643 2499 added
1665 2467 1708 2507 by
1731 2466 1823 2499 Nico.

230 2529 359 2559 mixtim
374 2526 465 2558 Nice.
484 2526 557 2568 (not
572 2526 661 2558 Flor.
683 2527 736 2568 31)
755 2525 873 2557 Gamb.
891 2525 985 2556 Mon.
1001 2524 1095 2555 Brix.
1112 2524 1189 2555 Ver.
1206 2523 1290 2555 Ven.
1311 2523 1363 2554 for
1379 2523 1488 2553 mixti.
1620 2521 1681 2554 571
1703 2523 1824 2553 moveri

228 2581 346 2613 Lamb.
362 2580 415 2612 for
430 2589 564 2618 movere,
588 2583 596 2595 ⁶
607 2578 846 2609 inscitissime’
864 2588 941 2618 says
957 2576 1072 2610 Wak.:
1097 2586 1150 2608 see
1166 2578 1263 2608 notes
1279 2577 1298 2607 2
1314 2577 1349 2607 to
1365 2585 1400 2607 VI
1416 2576 1490 2608 595.
1671 2574 1732 2607 573
1749 2575 1823 2606 ani-

230 2645 320 2667 mans
337 2636 401 2666 erit
416 2634 535 2666 Lamb.
553 2634 604 2665 for
620 2636 764 2665 animam
779 2635 870 2666 serit.
1042 2631 1104 2664 574
1120 2641 1155 2662 eo
1171 2630 1280 2661 Faber
1295 2631 1348 2661 for
1361 2640 1412 2661 eos
1426 2641 1434 2662 :
1459 2638 1478 2660 a
1493 2627 1621 2660 certain
1636 2628 1822 2661 correction

230 2689 357 2730 rightly
372 2688 538 2721 admitted
554 2688 596 2728 by
611 2688 723 2720 Bentl.
743 2688 810 2720 and
827 2686 963 2719 Creech.
1011 2685 1115 2717 Lach.
1133 2687 1271 2725 strange
1292 2687 1327 2716 to
1349 2694 1409 2724 say
1429 2683 1492 2714 has
1512 2682 1686 2723 neglected
1706 2682 1734 2713 it
1755 2681 1823 2714 and

230 2742 380 2775 received
394 2742 530 2774 instead
544 2741 759 2773 Wakefield¹s
774 2741 967 2781 conjecture
981 2741 1025 2771 In
1040 2749 1072 2770 se
1089 2740 1234 2770 animam
1249 2739 1301 2769 for
1318 2739 1392 2769 Sese
1409 2739 1532 2769 anima.
1653 2736 1823 2769 576—590

233 2796 428 2838 (592-606)
452 2795 568 2827 Christ
589 2796 717 2834 quaest.
744 2794 843 2825 Lucr.
867 2804 901 2833 p.
927 2794 966 2826 19
989 2792 1052 2823 has
1075 2791 1207 2831 acutely
1229 2801 1308 2822 seen
1328 2790 1405 2822 that
1425 2789 1520 2821 these
1540 2798 1610 2821 VSS.
1631 2798 1688 2821 are
1708 2791 1768 2821 out
1788 2790 1826 2821 of

230 2851 327 2891 place
342 2864 349 2883 ι
371 2850 415 2881 he
431 2851 512 2890 puts
528 2849 622 2881 them
639 2849 725 2880 after
741 2850 802 2881 579
821 2848 908 2890 (594)
922 2857 929 2878 :
954 2847 971 2878 Ι
987 2849 1049 2887 put
1065 2846 1159 2878 them
1175 2846 1262 2877 after
1277 2846 1359 2879 575:
1385 2854 1437 2876 see
1453 2846 1551 2875 notes
1567 2844 1598 2875 2.
1758 2844 1822 2877 578

232 2907 270 2937 de
290 2914 420 2945 corpore
439 2905 522 2936 velle
541 2902 646 2935 Lach.
670 2902 804 2942 acutely
826 2902 878 2933 for
898 2902 936 2933 de
956 2910 1087 2941 corpore
1107 2901 1217 2931 omnia
1237 2901 1378 2931 membra
1397 2897 1508 2931 which
1528 2897 1592 2929 has
1614 2906 1710 2929 come
1731 2897 1822 2929 from
