1997 3267
961 149 1024 190 IV
1709 164 1785 207 177

313 254 482 309 prodita
512 253 680 294 iudiciis
711 253 931 295 fallacibus
961 253 1104 294 omnia
1133 254 1291 309 primis,

312 323 372 364 sic
401 323 536 378 igitur
565 322 673 363 ratio
704 322 785 363 tibi
816 336 958 363 rerum
988 336 1119 376 prava
1146 327 1359 364 necessest
1705 335 1787 378 520

313 391 501 445 falsaque
531 390 599 439 sit,
631 390 745 431 falsis
776 403 1067 444 quaecumque
1098 389 1152 430 ab
1183 390 1378 431 sensibus
1409 396 1551 433 ortast.

371 458 499 500 Nunc
529 457 602 498 alii
633 472 779 498 sensus
810 471 893 512 quo
924 462 1049 512 pacto
1080 457 1259 512 quisque
1291 473 1410 499 suam
1442 474 1530 501 rem

310 526 481 576 sentiat,
511 525 840 580 haudquaquam
872 525 981 565 ratio
1011 539 1209 580 scruposa
1238 526 1386 568 relicta
1416 534 1490 569 est.

370 594 583 649 Principio
613 593 785 634 auditur
815 607 941 633 sonus
973 597 1017 634 et
1048 608 1129 634 vox
1160 593 1307 644 omnis,
1338 595 1382 635 in
1413 596 1526 637 auris

312 662 530 704 insinuata
560 676 635 703 suo
665 661 867 717 pepulere
898 661 973 702 ubi
1004 676 1173 717 corpore
1204 676 1387 703 sensum.
1704 675 1753 718 52
1762 677 1780 718 5

312 745 553 786 corpoream
583 744 716 773 vocem
747 744 914 784 quoque
945 730 1059 771 enim
1091 734 1282 771 constare
1313 731 1575 774 fatendumst

312 806 357 842 et
387 800 588 850 sonitum,
618 799 818 855 quoniam
849 804 1027 854 possunt
1058 799 1262 854 inpellere
1293 813 1449 843 sensus.

312 874 533 925 praeterea
562 868 674 909 radit
705 883 785 909 vox
817 868 958 909 fauces
988 882 1112 923 saepe
1143 868 1330 923 facitque

311 937 522 992 asperiora
553 937 661 978 foras
690 936 888 992 gradiens
919 936 1076 977 arteria
1106 936 1272 978 clamor.

312 1006 471 1062 quippe
501 1020 576 1060 per
606 1010 838 1060 angustum
869 1004 998 1046 turba
1028 1004 1185 1045 maiore
1217 1010 1359 1046 coorta
1707 1018 1788 1061 530

311 1075 372 1117 ire
403 1075 511 1116 foras
543 1073 617 1114 ubi
647 1078 878 1129 coeperunt
907 1073 1137 1128 primordia
1167 1088 1330 1123 vocum,

312 1143 473 1184 scilicet
504 1142 665 1197 expleti
696 1156 864 1197 quoque
894 1142 1024 1182 ianua
1053 1141 1217 1183 raditur
1247 1142 1340 1184 oris.

312 1211 427 1253 haud
457 1211 591 1266 igitur
620 1209 842 1251 dubiumst
873 1209 978 1265 quin
1008 1224 1129 1251 voces
1159 1209 1371 1265 verbaque
1402 1215 1597 1253 constent

312 1279 519 1334 corporeis
551 1293 573 1319 e
606 1277 835 1333 principiis,
866 1283 916 1318 ut
947 1277 1114 1319 laedere
1145 1277 1320 1332 possint.

311 1362 389 1389 nec
419 1353 463 1389 te
495 1347 605 1388 fallit
635 1347 741 1388 item
773 1346 877 1402 quid
907 1347 1092 1401 corporis
1122 1347 1288 1388 auferat
1319 1352 1364 1388 et
1394 1347 1498 1402 quid
1709 1357 1784 1401 535

313 1416 511 1458 detrahat
542 1430 594 1457 ex
624 1414 846 1456 hominum
877 1415 1018 1457 nervis
1048 1431 1096 1457 ac
1126 1415 1287 1458 viribus
1319 1417 1421 1472 ipsis

311 1490 545 1541 perpetuus
575 1498 711 1525 sermo
743 1483 881 1539 nigrai
910 1484 1047 1525 noctis
1078 1483 1132 1525 ad
1163 1484 1359 1526 umbram

312 1567 487 1595 aurorae
517 1553 750 1608 perductus
780 1553 834 1594 ab
866 1553 1084 1595 exoriente
1115 1553 1265 1604 nitore,

310 1621 561 1679 praesertim
592 1621 629 1663 si
659 1636 756 1663 cum
788 1628 995 1662 summost
1026 1622 1207 1662 clamore
1237 1622 1442 1677 profusus.

313 1706 412 1748 ergo
443 1705 683 1746 corpoream
715 1704 861 1731 vocem
893 1696 1084 1731 constare
1116 1699 1338 1739 necessest,
1707 1700 1790 1744 540

313 1761 451 1803 multa
481 1760 658 1815 loquens
689 1759 890 1814 quoniam
921 1759 1086 1800 amittit
1117 1759 1168 1801 de
1200 1774 1371 1814 corpore
1402 1765 1578 1814 partem.

203 1841 277 1884 551
313 1829 521 1885 asperitas
552 1834 698 1869 autem
730 1828 843 1869 vocis
874 1827 924 1868 fit
955 1827 1009 1869 ab
1039 1828 1271 1883 asperitate

313 1898 619 1955 principiorum
651 1902 695 1938 et
725 1896 831 1938 item
863 1896 978 1937 levor
1008 1896 1147 1937 levore
1178 1901 1355 1938 creatur.

202 1979 282 2022 542
312 1982 391 2010 nec
422 1967 552 2008 simili
584 1971 812 2021 penetrant
843 1965 957 2006 auris
987 1964 1217 2019 primordia
1248 1966 1391 2014 forma,

313 2051 411 2078 cum
442 2035 548 2077 tuba
579 2034 776 2089 depresso
806 2033 995 2089 graviter
1025 2033 1104 2073 sub
1135 2047 1352 2074 murmure
1383 2033 1523 2089 mugit
1712 2042 1786 2087 545

313 2110 358 2147 et
388 2104 535 2145 reboat
566 2117 742 2143 raucum
772 2101 889 2157 regio
919 2101 1004 2142 cita
1035 2101 1213 2142 barbara
1243 2101 1459 2150 bombum,

198 2250 294 2282 Junt.
313 2249 365 2281 for
377 2259 498 2289 parva.
689 2246 752 2278 526
767 2256 874 2278 vocem
893 2256 959 2277 om.
976 2246 1034 2276 AB
1051 2245 1141 2278 Nicc.
1157 2258 1164 2277 :
1187 2244 1314 2286 rightly
1330 2244 1478 2276 inserted
1494 2244 1538 2285 by
1554 2244 1656 2276 Lach.
1677 2243 1792 2276 before

199 2313 323 2344 quoque
340 2303 441 2334 enim:
466 2301 555 2332 Flor.
573 2300 614 2332 31
631 2299 747 2332 Camb.
768 2300 854 2339 vulg.
877 2300 971 2339 place
986 2299 1013 2330 it
1030 2299 1126 2330 after.
1301 2298 1364 2329 528
1377 2299 1554 2329 Praeterea
1570 2298 1663 2329 radit
1678 2297 1707 2327 A
1724 2296 1792 2328 and

200 2357 331 2390 Gellius
346 2366 368 2388 x
383 2357 435 2395 26,
455 2365 517 2387 one
533 2355 608 2387 Vat.
630 2355 730 2386 Pont.
749 2354 876 2385 Avanc.
894 2353 1031 2394 rightly.
1064 2354 1245 2393 Propterea
1254 2354 1346 2384 radit
1358 2353 1396 2384 Β.
1431 2353 1570 2383 Praeter
1586 2353 1678 2383 radit
1694 2351 1785 2384 Nico.

199 2422 264 2444 one
286 2412 363 2444 Vat.
387 2403 471 2442 Ver.'
489 2409 573 2441 Ven.
597 2408 733 2440 whence
755 2409 894 2439 Praeter
916 2408 1007 2439 radit
1029 2409 1115 2439 enim
1135 2407 1225 2438 Flor.
1247 2407 1288 2437 31
1311 2406 1427 2438 Camb.
1452 2407 1472 2437 3
1492 2406 1569 2437 Vat.
1590 2405 1685 2437 Brix.
1708 2406 1792 2437 Mar.

199 2468 344 2507 Nauger.
362 2466 451 2505 vulg.
496 2465 637 2496 Praeter
652 2465 739 2495 enim
753 2464 847 2494 radit
863 2463 883 2493 J
886 2466 958 2494 unt.
1132 2462 1194 2492 532
1211 2462 1335 2501 empleti
1350 2460 1453 2493 Lach.
1475 2460 1527 2492 for
1542 2461 1691 2500 expletis,
1712 2459 1793 2490 thus

200 2519 325 2560 simply
339 2517 477 2556 healing
494 2526 513 2548 a
528 2516 703 2556 desperate
719 2525 874 2556 passage.
919 2516 995 2547 radi
1000 2520 1053 2546 tar
1068 2515 1096 2545 B
1112 2514 1261 2545 Politian
1277 2514 1314 2545 in
1325 2524 1432 2554 marg.
1445 2514 1535 2545 Flor.
1550 2516 1606 2546 29:
1632 2515 1793 2554 <creditur

198 2573 236 2605 in
251 2574 347 2612 text).
396 2573 525 2603 reditur
540 2571 569 2601 A
584 2571 675 2602 Nicc.
688 2582 697 2609 ;
720 2570 826 2601 hence
847 2571 997 2602 redditur
1011 2569 1102 2601 Flor.
1120 2570 1160 2600 31
1178 2569 1296 2600 Camb.
1313 2569 1401 2609 vulg.
1418 2569 1487 2600 and
1503 2571 1537 2600 to
1553 2568 1627 2608 give
1642 2578 1662 2600 a
1678 2578 1792 2600 mean-

198 2626 257 2668 ing
272 2629 308 2659 to
324 2626 383 2658 the
399 2634 548 2665 passage,
567 2624 652 2656 Mar.
670 2624 766 2656 Junt.
786 2624 851 2655 add
868 2634 888 2655 a
904 2633 999 2656 verse
1021 2624 1138 2655 Rauca
1159 2625 1236 2662 vtis,
1261 2628 1293 2654 et
1314 2624 1378 2655 iter
1398 2624 1514 2660 laedit,
1536 2633 1602 2663 qua
1622 2633 1686 2654 vox
1706 2624 1735 2654 it
1756 2623 1792 2653 in

199 2691 317 2718 aaras3
341 2680 468 2711 Avane.
490 2678 610 2717 taking
631 2680 697 2709 oris
719 2687 756 2709 as
778 2688 797 2709 a
818 2679 907 2718 plur.
930 2677 1012 2709 thus
1034 2678 1154 2708 Rauca
1173 2679 1243 2708 suis
1265 2681 1297 2708 et
1317 2678 1381 2708 iter
1401 2678 1511 2708 reddit
1533 2686 1598 2716 qua
1621 2686 1682 2708 vox
1705 2678 1734 2707 it
1758 2678 1796 2707 in

200 2746 311 2767 auras.
487 2734 549 2764 542
565 2734 627 2764 543
643 2733 716 2774 (551
734 2734 808 2771 552)
825 2733 951 2772 rightly
961 2732 1080 2773 placed
1096 2732 1176 2763 here
1191 2732 1235 2771 by
1243 2731 1363 2763 Lamb.
1382 2731 1469 2763 first.
1644 2731 1707 2762 543
1725 2732 1794 2762 levo

201 2789 312 2819 letiore
328 2786 398 2817 AB.
445 2787 527 2817 levis
544 2787 648 2817 levore
664 2785 748 2817 Mar.
768 2784 845 2816 Ald.
864 2785 882 2815 1
899 2785 995 2817 Junt.
1045 2785 1156 2816 laevor
1172 2785 1300 2815 laevore
1315 2783 1435 2815 Lamb.
1552 2782 1614 2813 545
1631 2792 1794 2813 marmure

199 2840 294 2871 Brix.
311 2840 408 2871 Pont.
426 2839 510 2872 Mar.
531 2838 606 2870 Ald.
625 2839 643 2869 1
660 2838 680 2869 J
684 2841 757 2870 unt.
774 2838 826 2869 for
842 2848 1019 2869 murmura.
1196 2836 1258 2868 546
1274 2838 1321 2868 Et
1336 2838 1448 2868 reboat
1463 2846 1601 2868 raucum
1616 2837 1705 2877 reyio
1725 2838 1793 2867 ez‘ta

202 2895 343 2925 barbara
364 2892 470 2925 Lach.
499 2892 551 2924 for
578 2893 627 2924 Et
649 2897 781 2923 revorat
804 2902 941 2923 raucum
964 2897 1049 2923 retro
1073 2892 1143 2923 cita
1166 2891 1324 2922 barbara:
1357 2889 1415 2922 the
1439 2889 1532 2921 older
1554 2888 1710 2929 readings
1738 2899 1794 2921 are

315 2959 359 2988 Μ.
1628 2947 1648 2984 1
1657 2946 1680 2983 2
