1997 3267
857 194 904 235 II
1624 195 1676 245 83

204 304 447 361 significant
478 302 762 344 clandestinos
793 313 1020 354 caecosque
1051 299 1236 340 subesse.

202 373 340 413 multa
370 371 533 412 videbis
564 369 678 412 enim
709 368 845 424 plagis
876 367 936 408 ibi
967 366 1130 421 percita
1160 365 1295 407 caecis

201 445 462 481 commutare
495 439 606 480 viam
638 443 834 491 retroque
864 435 1035 490 repulsa
1065 435 1223 476 reverti
1603 448 1681 488 130

200 524 313 549 nunc
345 509 428 549 huc
458 521 571 548 nunc
601 506 702 546 illuc
733 505 777 545 in
808 508 983 545 cunctas
1014 503 1204 557 undique
1234 501 1378 557 partis.

202 577 361 618 scilicet
392 576 460 617 hic
489 590 514 616 a
545 573 763 630 principiis
794 577 859 614 est
890 571 1088 612 omnibus
1120 585 1242 612 error.

202 645 339 700 prima
369 648 594 685 moventur
624 641 738 683 enim
770 655 845 695 per
875 654 919 680 se
950 639 1182 694 primordia
1212 651 1379 689 rerum;

202 713 301 754 inde
332 727 382 754 ea
412 726 519 767 quae
549 725 678 766 parvo
709 714 810 750 sunt
841 723 1012 763 corpora
1042 708 1270 749 conciliatu

201 787 246 823 et
277 781 397 836 quasi
426 780 617 835 proxima
647 784 748 820 sunt
778 778 832 819 ad
862 778 963 819 viris
994 777 1311 833 principiorum,
1604 790 1648 829 13
1658 787 1676 830 5

203 850 361 891 ictibus
390 849 559 890 illorum
591 847 725 888 caecis
756 847 925 901 inpulsa
955 846 1134 895 cientur,

204 918 378 973 ipsaque
408 930 606 972 proporro
637 915 763 971 paulo
794 915 953 956 maiora
984 915 1209 956 lacessunt.

203 985 263 1027 sic
293 1001 318 1026 a
347 984 566 1040 principiis
597 983 789 1025 ascendit
820 988 962 1024 motus
992 988 1037 1024 et
1067 982 1157 1023 exit

201 1053 410 1109 paulatim
441 1058 605 1093 nostros
636 1051 690 1092 ad
720 1066 879 1100 sensus,
910 1056 961 1092 ut
991 1056 1244 1092 moveantur

202 1122 276 1163 illa
306 1136 485 1177 quoque,
515 1121 559 1161 in
590 1121 688 1162 solis
718 1135 827 1175 quae
859 1120 1020 1161 lumine
1051 1135 1220 1161 cernere
1252 1119 1425 1174 quimus
1603 1130 1683 1170 140

202 1205 280 1232 nec
310 1190 465 1245 quibus
495 1189 539 1230 id
571 1189 728 1230 faciant
759 1188 897 1244 plagis
928 1193 1106 1244 apparet
1136 1194 1294 1243 aperte.

260 1259 388 1300 Nunc
419 1273 526 1314 quae
557 1257 772 1299 mobilitas
803 1257 859 1298 sit
889 1256 1057 1298 reddita
1088 1256 1283 1297 materiai

201 1328 454 1383 corporibus,
485 1327 632 1383 paucis
662 1327 763 1368 licet
793 1326 891 1367 hinc
923 1340 1181 1381 cognoscere,
1213 1324 1402 1366 Memmi.

201 1396 387 1452 primum
417 1410 567 1436 aurora
596 1409 704 1436 novo
735 1409 832 1435 cum
863 1394 1025 1449 spargit
1056 1393 1218 1434 lumine
1250 1398 1383 1434 terras

203 1471 248 1506 et
277 1465 417 1506 variae
448 1465 638 1505 volucres
667 1478 841 1504 nemora
871 1462 968 1503 avia
996 1461 1304 1517 pervolitantes
1605 1470 1678 1511 145

202 1547 301 1574 aera
330 1547 405 1588 per
435 1537 632 1573 tenerum
663 1531 836 1586 liquidis
867 1531 957 1572 loca
987 1530 1161 1572 vocibus
1191 1529 1378 1585 opplent,

203 1616 331 1656 quam
362 1600 504 1642 subito
534 1600 668 1642 soleat
698 1600 759 1641 sol
789 1604 907 1640 ortus
938 1604 1130 1654 tempore
1161 1597 1239 1639 tali

203 1669 438 1711 convestire
469 1683 545 1710 sua
575 1668 835 1724 perfundens
865 1668 1008 1709 omnia
1038 1668 1144 1717 luce,

203 1737 401 1779 omnibus
432 1738 475 1778 in
506 1744 708 1792 promptu
740 1736 1102 1791 manifestumque
1133 1750 1222 1776 esse
1254 1734 1460 1775 videmus.

204 1812 250 1848 at
280 1821 410 1862 vapor
440 1806 476 1847 is
506 1820 634 1861 quem
666 1806 726 1847 sol
757 1805 896 1846 mittit
927 1805 1158 1859 lumenque
1189 1817 1387 1845 serenum
1606 1813 1684 1854 150

204 1889 289 1915 non
319 1889 395 1929 per
423 1873 549 1915 inane
579 1879 696 1915 meat
727 1888 933 1923 vacuum3
973 1887 1056 1927 quo
1086 1871 1251 1913 tardius
1280 1871 1341 1912 ire

205 1941 383 1996 cogitur,
413 1940 547 1980 aerias
577 1939 699 1994 quasi
729 1939 831 1979 dum
864 1938 1104 1979 diverberet>
1135 1936 1281 1979 undas.

206 2021 283 2047 nec
314 2005 564 2061 singillatim
595 2004 842 2059 corpuscula
873 2018 1066 2059 quaeque
1097 2003 1263 2058 vaporis

206 2074 279 2116 sed
310 2074 529 2129 complexa
558 2078 704 2114 meant
735 2073 847 2114 inter
877 2087 921 2114 se
952 2087 1114 2127 conque
1145 2072 1340 2128 globata3

207 2148 462 2198 quapropter
492 2141 618 2182 simul
649 2141 762 2182 inter
793 2155 837 2181 se
867 2141 1146 2182 retrahuntur
1176 2145 1220 2181 et
1250 2144 1372 2181 extra
1605 2147 1679 2190 155

206 2211 459 2261 officiuntur,
490 2210 557 2251 uti
587 2215 795 2266 cogantur
824 2209 988 2251 tardius
1019 2209 1090 2251 ire.

205 2285 251 2322 at
281 2294 389 2335 quae
420 2283 522 2320 sunt
552 2278 685 2319 solida
715 2278 945 2333 primordia
975 2277 1263 2333 simplicitate,

206 2361 303 2390 cum
334 2361 409 2402 per
438 2346 564 2387 inane
594 2351 741 2387 meant
771 2360 953 2386 vacuum
984 2359 1061 2387 nec
1091 2359 1157 2387 res
1186 2350 1422 2386 remoratur

94 2506 165 2542 71oc;
182 2504 243 2536 but
260 2514 338 2536 over
354 2505 432 2536 haee
448 2503 484 2535 in
500 2503 572 2535 cod.
591 2503 714 2535 Victor.
733 2513 802 2536 was
819 2513 902 2535 once
919 2502 1053 2534 written
1070 2512 1090 2534 a
1105 2502 1196 2534 word
1213 2501 1379 2541 carefully
1395 2499 1523 2536 erased,
1537 2508 1574 2530 as
1591 2508 1684 2529 some

95 2559 189 2591 mark
206 2557 313 2589 under
329 2559 407 2589 haec
422 2557 487 2589 has
503 2558 596 2594 been,
615 2557 708 2597 quite
723 2557 928 2597 confirming
946 2556 1035 2588 Gif.:
1060 2566 1114 2587 see
1131 2556 1236 2588 above
1253 2565 1285 2596 p.
1306 2556 1337 2588 9.
1533 2554 1593 2584 134
1609 2563 1681 2584 con-

90 2615 211 2645 ciliatu
227 2612 318 2644 Nice.
335 2612 388 2643 for
404 2613 596 2643 conciliata.
767 2612 828 2644 137
844 2613 987 2651 Ipsaque
998 2620 1158 2650 proporro
1175 2608 1320 2641 Turneb.
1338 2608 1468 2640 advers.
1484 2616 1506 2638 v
1521 2607 1563 2639 27
1578 2604 1683 2637 Lach.

93 2667 143 2699 for
159 2669 299 2707 Ipsaque
311 2676 421 2707 porro.
467 2667 609 2706 Ipsaque
626 2675 709 2705 quae
727 2665 845 2697 Camb.
862 2665 952 2704 vulg.
998 2666 1134 2704 Ictaque
1151 2674 1233 2704 quae
1250 2663 1340 2695 Flor.
1361 2662 1414 2693 31.
1510 2661 1571 2692 152
1587 2660 1685 2700 quasi

92 2721 169 2752 dum
199 2721 388 2752 diverberet.
438 2720 525 2759 quod
555 2719 603 2750 sol
634 2719 821 2750 diverberat
851 2718 942 2750 Nicc.
975 2717 1065 2748 Flor.
1093 2717 1133 2747 31
1160 2715 1276 2748 Camb.
1304 2715 1392 2754 vulg.
1424 2713 1543 2745 Lamb.
1573 2711 1625 2743 ed.
1654 2712 1684 2742 1.

94 2776 190 2814 quasi
217 2778 285 2804 tam
311 2774 493 2804 diverberet
521 2772 639 2804 Lamb.
669 2772 720 2804 ed.
746 2773 776 2810 2,
802 2774 899 2812 quasi
927 2772 1004 2802 dum
1030 2771 1218 2802 diverberat
1244 2769 1296 2801 ed.
1319 2770 1351 2808 3,
1378 2778 1416 2800 as
1437 2767 1533 2799 Pont.
1562 2766 1684 2803 before,

98 2825 274 2867 ‘pessime'
297 2836 374 2866 says
396 2825 520 2857 Lach.:
546 2830 646 2856 ‘nam
668 2826 744 2856 dam
765 2824 1030 2864 intellegendum
1053 2826 1104 2855 est
1125 2825 1224 2855 donec
1237 2823 1256 2856 ’.
1305 2823 1374 2853 But
1395 2821 1432 2852 in
1454 2830 1511 2860 my
1528 2819 1680 2860 opinion,

94 2881 224 2921 though
254 2880 312 2913 the
342 2880 428 2921 subj.
456 2880 485 2911 is
516 2880 609 2919 quite
639 2879 740 2919 right,
770 2879 886 2912 Lamb.
920 2879 994 2910 well
1024 2877 1166 2910 defends
1197 2877 1256 2909 the
1285 2876 1387 2909 indic.
1415 2875 1525 2906 which
1554 2874 1583 2905 is
1613 2874 1683 2905 also

95 2935 236 2968 tenable.
388 2935 449 2965 155
472 2945 503 2965 se
527 2935 743 2965 retrahuntur
766 2933 921 2965 Priscian
945 2934 996 2964 for
1018 2943 1050 2964 se
1075 2933 1264 2964 tralumcur.
1420 2930 1482 2961 158
1503 2933 1685 2960 remoratur

1460 2994 1570 3035 6—2
