<?xml version="1.0" encoding="UTF-8"?>
<!DOCTYPE html PUBLIC "-//W3C//DTD XHTML 1.0 Transitional//EN"
    "http://www.w3.org/TR/xhtml1/DTD/xhtml1-transitional.dtd">
<html xmlns="http://www.w3.org/1999/xhtml" xml:lang="en" lang="en">
 <head>
  <title>
</title>
<meta http-equiv="Content-Type" content="text/html;charset=utf-8" />
  <meta name='ocr-system' content='tesseract 3.04.00' />
  <meta name='ocr-capabilities' content='ocr_page ocr_carea ocr_par ocr_line ocrx_word'/>
</head>
<body>
  <div class='ocr_page' id='page_1' title='image "./lucreticariderer01lucruoft_0218.png"; bbox 0 0 1997 3267; ppageno 0'>
   <div class='ocr_carea' id='block_1_1' title="bbox 670 531 1310 582">
    <p class='ocr_par' dir='ltr' id='par_1_1' title="bbox 670 531 1310 582">
     <span class='ocr_line' id='line_1_1' title="bbox 670 531 1310 582; baseline 0.003 -2"><span class='ocrx_word' id='word_1_1' title='bbox 670 531 721 580; x_wconf 90' lang='lat' dir='ltr'>T.</span> <span class='ocrx_word' id='word_1_2' title='bbox 779 532 1083 581; x_wconf 84' lang='lat' dir='ltr'><strong>LUCRETI</strong></span> <span class='ocrx_word' id='word_1_3' title='bbox 1143 533 1310 582; x_wconf 85' lang='lat' dir='ltr'><strong>CARI</strong></span> 
     </span>
    </p>
   </div>
   <div class='ocr_carea' id='block_1_2' title="bbox 503 697 1501 757">
    <p class='ocr_par' dir='ltr' id='par_1_2' title="bbox 503 697 1501 757">
     <span class='ocr_line' id='line_1_2' title="bbox 503 697 1501 757; baseline 0.005 -5"><span class='ocrx_word' id='word_1_4' title='bbox 503 697 623 753; x_wconf 91' lang='lat' dir='ltr'>DE</span> <span class='ocrx_word' id='word_1_5' title='bbox 702 698 1031 754; x_wconf 87' lang='lat' dir='ltr'>RERUM</span> <span class='ocrx_word' id='word_1_6' title='bbox 1113 699 1501 757; x_wconf 89' lang='lat' dir='ltr'><strong>NATURA</strong></span> 
     </span>
    </p>
   </div>
   <div class='ocr_carea' id='block_1_3' title="bbox 766 889 1236 936">
    <p class='ocr_par' dir='ltr' id='par_1_3' title="bbox 766 889 1236 936">
     <span class='ocr_line' id='line_1_3' title="bbox 766 889 1236 936; baseline 0.006 -9"><span class='ocrx_word' id='word_1_7' title='bbox 766 889 941 928; x_wconf 88' lang='lat' dir='ltr'>LIBER</span> <span class='ocrx_word' id='word_1_8' title='bbox 980 891 1236 936; x_wconf 85' lang='lat' dir='ltr'><strong>QUINTUS</strong></span> 
     </span>
    </p>
   </div>
   <div class='ocr_carea' id='block_1_4' title="bbox 316 1137 1804 2778">
    <p class='ocr_par' dir='ltr' id='par_1_4' title="bbox 316 1137 1490 1195">
     <span class='ocr_line' id='line_1_4' title="bbox 316 1137 1490 1195; baseline 0.005 -16"><span class='ocrx_word' id='word_1_9' title='bbox 316 1137 424 1190; x_wconf 82' lang='lat' dir='ltr'>Quis</span> <span class='ocrx_word' id='word_1_10' title='bbox 454 1137 568 1194; x_wconf 87' lang='lat' dir='ltr'>potis</span> <span class='ocrx_word' id='word_1_11' title='bbox 598 1142 664 1180; x_wconf 90' lang='lat' dir='ltr'>est</span> <span class='ocrx_word' id='word_1_12' title='bbox 694 1137 875 1195; x_wconf 85' lang='lat' dir='ltr'>dignum</span> <span class='ocrx_word' id='word_1_13' title='bbox 906 1138 1085 1195; x_wconf 87' lang='lat' dir='ltr'>pollenti</span> <span class='ocrx_word' id='word_1_14' title='bbox 1116 1145 1287 1195; x_wconf 88' lang='lat' dir='ltr'>pectore</span> <span class='ocrx_word' id='word_1_15' title='bbox 1318 1155 1490 1185; x_wconf 83' lang='lat' dir='ltr'>carmen</span> 
     </span>
    </p>

    <p class='ocr_par' dir='ltr' id='par_1_5' title="bbox 316 1207 1457 1266">
     <span class='ocr_line' id='line_1_5' title="bbox 316 1207 1457 1266; baseline 0.004 -18"><span class='ocrx_word' id='word_1_16' title='bbox 316 1207 494 1249; x_wconf 89' lang='lat' dir='ltr'>condere</span> <span class='ocrx_word' id='word_1_17' title='bbox 527 1222 601 1263; x_wconf 89' lang='lat' dir='ltr'>pro</span> <span class='ocrx_word' id='word_1_18' title='bbox 631 1222 773 1249; x_wconf 87' lang='lat' dir='ltr'>rerum</span> <span class='ocrx_word' id='word_1_19' title='bbox 805 1207 1031 1250; x_wconf 84' lang='lat' dir='ltr'>maiestate</span> <span class='ocrx_word' id='word_1_20' title='bbox 1064 1207 1214 1264; x_wconf 81' lang='lat' dir='ltr'>hisque</span> <span class='ocrx_word' id='word_1_21' title='bbox 1245 1211 1457 1266; x_wconf 73' lang='lat' dir='ltr'>repertis?</span> 
     </span>
    </p>

    <p class='ocr_par' dir='ltr' id='par_1_6' title="bbox 317 1276 1457 1334">
     <span class='ocr_line' id='line_1_6' title="bbox 317 1276 1457 1334; baseline 0.004 -16"><span class='ocrx_word' id='word_1_22' title='bbox 317 1277 464 1332; x_wconf 90' lang='lat' dir='ltr'>quisve</span> <span class='ocrx_word' id='word_1_23' title='bbox 496 1277 610 1319; x_wconf 84' lang='lat' dir='ltr'>valet</span> <span class='ocrx_word' id='word_1_24' title='bbox 642 1276 781 1319; x_wconf 88' lang='lat' dir='ltr'>verbis</span> <span class='ocrx_word' id='word_1_25' title='bbox 813 1284 983 1319; x_wconf 85' lang='lat' dir='ltr'>tantum</span> <span class='ocrx_word' id='word_1_26' title='bbox 1015 1278 1088 1333; x_wconf 87' lang='lat' dir='ltr'>qui</span> <span class='ocrx_word' id='word_1_27' title='bbox 1120 1278 1277 1334; x_wconf 84' lang='lat' dir='ltr'>fingere</span> <span class='ocrx_word' id='word_1_28' title='bbox 1310 1280 1457 1323; x_wconf 86' lang='lat' dir='ltr'>laudes</span> 
     </span>
    </p>

    <p class='ocr_par' dir='ltr' id='par_1_7' title="bbox 317 1345 1272 1402">
     <span class='ocr_line' id='line_1_7' title="bbox 317 1345 1272 1402; baseline 0.003 -15"><span class='ocrx_word' id='word_1_29' title='bbox 317 1361 392 1402; x_wconf 89' lang='lat' dir='ltr'>pro</span> <span class='ocrx_word' id='word_1_30' title='bbox 425 1346 589 1388; x_wconf 86' lang='lat' dir='ltr'>meritis</span> <span class='ocrx_word' id='word_1_31' title='bbox 621 1345 713 1387; x_wconf 89' lang='lat' dir='ltr'>eius</span> <span class='ocrx_word' id='word_1_32' title='bbox 743 1346 878 1402; x_wconf 88' lang='lat' dir='ltr'>possit</span> <span class='ocrx_word' id='word_1_33' title='bbox 909 1345 983 1401; x_wconf 88' lang='lat' dir='ltr'>qui</span> <span class='ocrx_word' id='word_1_34' title='bbox 1014 1347 1119 1388; x_wconf 82' lang='lat' dir='ltr'>talia</span> <span class='ocrx_word' id='word_1_35' title='bbox 1150 1348 1272 1390; x_wconf 88' lang='lat' dir='ltr'>nobis</span> 
     </span>
    </p>

    <p class='ocr_par' dir='ltr' id='par_1_8' title="bbox 317 1415 1799 1540">
     <span class='ocr_line' id='line_1_8' title="bbox 317 1415 1799 1476; baseline 0.003 -20"><span class='ocrx_word' id='word_1_36' title='bbox 317 1421 487 1471; x_wconf 88' lang='lat' dir='ltr'>pectore</span> <span class='ocrx_word' id='word_1_37' title='bbox 520 1422 643 1470; x_wconf 84' lang='lat' dir='ltr'>parta</span> <span class='ocrx_word' id='word_1_38' title='bbox 673 1430 750 1457; x_wconf 88' lang='lat' dir='ltr'>suo</span> <span class='ocrx_word' id='word_1_39' title='bbox 781 1415 1055 1471; x_wconf 78' lang='lat' dir='ltr'>quaesitaque</span> <span class='ocrx_word' id='word_1_40' title='bbox 1086 1417 1275 1472; x_wconf 82' lang='lat' dir='ltr'>praemia</span> <span class='ocrx_word' id='word_1_41' title='bbox 1306 1417 1466 1473; x_wconf 77' lang='lat' dir='ltr'>liquit?</span> <span class='ocrx_word' id='word_1_42' title='bbox 1777 1431 1799 1476; x_wconf 83' lang='lat'>5</span> 
     </span>
     <span class='ocr_line' id='line_1_9' title="bbox 317 1483 1424 1540; baseline 0.005 -17"><span class='ocrx_word' id='word_1_43' title='bbox 317 1497 454 1531; x_wconf 89' lang='lat' dir='ltr'>nemo,</span> <span class='ocrx_word' id='word_1_44' title='bbox 485 1487 535 1524; x_wconf 89' lang='lat' dir='ltr'>ut</span> <span class='ocrx_word' id='word_1_45' title='bbox 566 1483 725 1538; x_wconf 89' lang='lat' dir='ltr'>opinor,</span> <span class='ocrx_word' id='word_1_46' title='bbox 757 1483 839 1524; x_wconf 90' lang='lat' dir='ltr'>erit</span> <span class='ocrx_word' id='word_1_47' title='bbox 871 1483 1040 1524; x_wconf 84' lang='lat' dir='ltr'>mortali</span> <span class='ocrx_word' id='word_1_48' title='bbox 1071 1498 1242 1540; x_wconf 90' lang='lat' dir='ltr'>corpore</span> <span class='ocrx_word' id='word_1_49' title='bbox 1273 1491 1424 1528; x_wconf 88' lang='lat' dir='ltr'>cretus.</span> 
     </span>
    </p>

    <p class='ocr_par' dir='ltr' id='par_1_9' title="bbox 317 1550 1463 1609">
     <span class='ocr_line' id='line_1_10' title="bbox 317 1550 1463 1609; baseline 0.004 -18"><span class='ocrx_word' id='word_1_50' title='bbox 317 1564 416 1591; x_wconf 85' lang='lat' dir='ltr'>nam</span> <span class='ocrx_word' id='word_1_51' title='bbox 449 1550 496 1600; x_wconf 89' lang='lat' dir='ltr'>si,</span> <span class='ocrx_word' id='word_1_52' title='bbox 527 1557 576 1592; x_wconf 92' lang='lat' dir='ltr'>ut</span> <span class='ocrx_word' id='word_1_53' title='bbox 607 1551 700 1607; x_wconf 84' lang='lat' dir='ltr'>ipsa</span> <span class='ocrx_word' id='word_1_54' title='bbox 730 1551 842 1607; x_wconf 87' lang='lat' dir='ltr'>petit</span> <span class='ocrx_word' id='word_1_55' title='bbox 874 1551 1075 1593; x_wconf 83' lang='lat' dir='ltr'>maiestas</span> <span class='ocrx_word' id='word_1_56' title='bbox 1106 1553 1278 1609; x_wconf 84' lang='lat' dir='ltr'>cognita</span> <span class='ocrx_word' id='word_1_57' title='bbox 1309 1568 1463 1605; x_wconf 87' lang='lat' dir='ltr'>rerum,</span> 
     </span>
    </p>

    <p class='ocr_par' dir='ltr' id='par_1_10' title="bbox 317 1618 1579 1677">
     <span class='ocr_line' id='line_1_11' title="bbox 317 1618 1579 1677; baseline 0.006 -18"><span class='ocrx_word' id='word_1_58' title='bbox 317 1618 545 1660; x_wconf 89' lang='lat' dir='ltr'>dicendum</span> <span class='ocrx_word' id='word_1_59' title='bbox 578 1625 654 1668; x_wconf 88' lang='lat' dir='ltr'>est,</span> <span class='ocrx_word' id='word_1_60' title='bbox 685 1619 791 1661; x_wconf 92' lang='lat' dir='ltr'>deus</span> <span class='ocrx_word' id='word_1_61' title='bbox 823 1619 894 1661; x_wconf 90' lang='lat' dir='ltr'>ille</span> <span class='ocrx_word' id='word_1_62' title='bbox 926 1620 1019 1669; x_wconf 85' lang='lat' dir='ltr'>fuit,</span> <span class='ocrx_word' id='word_1_63' title='bbox 1050 1620 1165 1669; x_wconf 85' lang='lat' dir='ltr'>deus,</span> <span class='ocrx_word' id='word_1_64' title='bbox 1198 1621 1357 1677; x_wconf 85' lang='lat' dir='ltr'>inclyte</span> <span class='ocrx_word' id='word_1_65' title='bbox 1391 1623 1579 1674; x_wconf 89' lang='lat' dir='ltr'>Memmi,</span> 
     </span>
    </p>

    <p class='ocr_par' dir='ltr' id='par_1_11' title="bbox 318 1687 1470 1747">
     <span class='ocr_line' id='line_1_12' title="bbox 318 1687 1470 1747; baseline 0.006 -20"><span class='ocrx_word' id='word_1_66' title='bbox 318 1687 391 1742; x_wconf 85' lang='lat' dir='ltr'>qui</span> <span class='ocrx_word' id='word_1_67' title='bbox 422 1687 619 1743; x_wconf 87' lang='lat' dir='ltr'>princeps</span> <span class='ocrx_word' id='word_1_68' title='bbox 650 1689 765 1730; x_wconf 88' lang='lat' dir='ltr'>vitae</span> <span class='ocrx_word' id='word_1_69' title='bbox 797 1689 1006 1730; x_wconf 81' lang='lat' dir='ltr'>rationem</span> <span class='ocrx_word' id='word_1_70' title='bbox 1038 1689 1205 1731; x_wconf 85' lang='lat' dir='ltr'>invenit</span> <span class='ocrx_word' id='word_1_71' title='bbox 1235 1705 1330 1732; x_wconf 80' lang='lat' dir='ltr'>eam</span> <span class='ocrx_word' id='word_1_72' title='bbox 1362 1706 1470 1747; x_wconf 83' lang='lat' dir='ltr'>quae</span> 
     </span>
    </p>

    <p class='ocr_par' dir='ltr' id='par_1_12' title="bbox 317 1756 1804 1883">
     <span class='ocr_line' id='line_1_13' title="bbox 317 1756 1804 1814; baseline 0.007 -17"><span class='ocrx_word' id='word_1_73' title='bbox 317 1770 431 1797; x_wconf 84' lang='lat' dir='ltr'>nunc</span> <span class='ocrx_word' id='word_1_74' title='bbox 460 1756 705 1812; x_wconf 83' lang='lat' dir='ltr'>appellatur</span> <span class='ocrx_word' id='word_1_75' title='bbox 734 1757 958 1813; x_wconf 83' lang='lat' dir='ltr'>sapientia,</span> <span class='ocrx_word' id='word_1_76' title='bbox 989 1759 1150 1813; x_wconf 87' lang='lat' dir='ltr'>quique</span> <span class='ocrx_word' id='word_1_77' title='bbox 1182 1773 1256 1814; x_wconf 89' lang='lat' dir='ltr'>per</span> <span class='ocrx_word' id='word_1_78' title='bbox 1286 1765 1424 1802; x_wconf 83' lang='lat' dir='ltr'>artem</span> <span class='ocrx_word' id='word_1_79' title='bbox 1752 1775 1804 1807; x_wconf 92' lang='lat'>10</span> 
     </span>
     <span class='ocr_line' id='line_1_14' title="bbox 318 1825 1379 1883; baseline 0.005 -17"><span class='ocrx_word' id='word_1_80' title='bbox 318 1825 520 1867; x_wconf 87' lang='lat' dir='ltr'>fiuctibus</span> <span class='ocrx_word' id='word_1_81' title='bbox 551 1840 574 1867; x_wconf 91' lang='lat' dir='ltr'>e</span> <span class='ocrx_word' id='word_1_82' title='bbox 605 1826 739 1868; x_wconf 84' lang='lat' dir='ltr'>tantis</span> <span class='ocrx_word' id='word_1_83' title='bbox 771 1827 905 1868; x_wconf 77' lang='lat' dir='ltr'>vitam</span> <span class='ocrx_word' id='word_1_84' title='bbox 938 1828 1157 1883; x_wconf 81' lang='lat' dir='ltr'>tantisque</span> <span class='ocrx_word' id='word_1_85' title='bbox 1189 1829 1379 1871; x_wconf 86' lang='lat' dir='ltr'>tenebris</span> 
     </span>
    </p>

    <p class='ocr_par' dir='ltr' id='par_1_13' title="bbox 318 1894 1412 1951">
     <span class='ocr_line' id='line_1_15' title="bbox 318 1894 1412 1951; baseline 0.004 -15"><span class='ocrx_word' id='word_1_86' title='bbox 318 1894 363 1936; x_wconf 88' lang='lat' dir='ltr'>in</span> <span class='ocrx_word' id='word_1_87' title='bbox 395 1901 485 1936; x_wconf 83' lang='lat' dir='ltr'>tam</span> <span class='ocrx_word' id='word_1_88' title='bbox 517 1896 748 1951; x_wconf 86' lang='lat' dir='ltr'>tranquillo</span> <span class='ocrx_word' id='word_1_89' title='bbox 780 1903 823 1938; x_wconf 86' lang='lat' dir='ltr'>et</span> <span class='ocrx_word' id='word_1_90' title='bbox 855 1903 944 1938; x_wconf 87' lang='lat' dir='ltr'>tam</span> <span class='ocrx_word' id='word_1_91' title='bbox 977 1897 1090 1938; x_wconf 80' lang='lat' dir='ltr'>clara</span> <span class='ocrx_word' id='word_1_92' title='bbox 1121 1897 1213 1939; x_wconf 90' lang='lat' dir='ltr'>luce</span> <span class='ocrx_word' id='word_1_93' title='bbox 1245 1898 1412 1941; x_wconf 85' lang='lat' dir='ltr'>locavit.</span> 
     </span>
    </p>

    <p class='ocr_par' dir='ltr' id='par_1_14' title="bbox 318 1964 1412 2023">
     <span class='ocr_line' id='line_1_16' title="bbox 318 1964 1412 2023; baseline 0.004 -17"><span class='ocrx_word' id='word_1_94' title='bbox 318 1964 460 2006; x_wconf 86' lang='lat' dir='ltr'>confer</span> <span class='ocrx_word' id='word_1_95' title='bbox 491 1964 605 2006; x_wconf 88' lang='lat' dir='ltr'>enim</span> <span class='ocrx_word' id='word_1_96' title='bbox 636 1965 783 2007; x_wconf 80' lang='lat' dir='ltr'>divina</span> <span class='ocrx_word' id='word_1_97' title='bbox 813 1966 992 2007; x_wconf 81' lang='lat' dir='ltr'>aliorum</span> <span class='ocrx_word' id='word_1_98' title='bbox 1024 1967 1203 2022; x_wconf 83' lang='lat' dir='ltr'>antiqua</span> <span class='ocrx_word' id='word_1_99' title='bbox 1232 1974 1412 2023; x_wconf 83' lang='lat' dir='ltr'>reperta.</span> 
     </span>
    </p>

    <p class='ocr_par' dir='ltr' id='par_1_15' title="bbox 318 2033 1453 2093">
     <span class='ocr_line' id='line_1_17' title="bbox 318 2033 1453 2093; baseline 0.005 -19"><span class='ocrx_word' id='word_1_100' title='bbox 318 2048 503 2089; x_wconf 80' lang='lat' dir='ltr'>namque</span> <span class='ocrx_word' id='word_1_101' title='bbox 536 2033 664 2076; x_wconf 85' lang='lat' dir='ltr'>Ceres</span> <span class='ocrx_word' id='word_1_102' title='bbox 695 2035 831 2076; x_wconf 88' lang='lat' dir='ltr'>fertur</span> <span class='ocrx_word' id='word_1_103' title='bbox 862 2036 1004 2091; x_wconf 86' lang='lat' dir='ltr'>fruges</span> <span class='ocrx_word' id='word_1_104' title='bbox 1035 2035 1247 2092; x_wconf 84' lang='lat' dir='ltr'>Liberque</span> <span class='ocrx_word' id='word_1_105' title='bbox 1279 2037 1453 2093; x_wconf 89' lang='lat' dir='ltr'>liquoris</span> 
     </span>
    </p>

    <p class='ocr_par' dir='ltr' id='par_1_16' title="bbox 318 2102 1800 2227">
     <span class='ocr_line' id='line_1_18' title="bbox 318 2102 1800 2164; baseline 0.006 -21"><span class='ocrx_word' id='word_1_106' title='bbox 318 2102 500 2159; x_wconf 87' lang='lat' dir='ltr'>vitigeni</span> <span class='ocrx_word' id='word_1_107' title='bbox 532 2103 700 2145; x_wconf 82' lang='lat' dir='ltr'>laticem</span> <span class='ocrx_word' id='word_1_108' title='bbox 733 2104 986 2146; x_wconf 75' lang='lat' dir='ltr'>mortalibus</span> <span class='ocrx_word' id='word_1_109' title='bbox 1017 2104 1280 2158; x_wconf 85' lang='lat' dir='ltr'>instituisse;</span> <span class='ocrx_word' id='word_1_110' title='bbox 1752 2120 1800 2164; x_wconf 85' lang='lat'>15</span> 
     </span>
     <span class='ocr_line' id='line_1_19' title="bbox 320 2171 1482 2227; baseline 0.003 -16"><span class='ocrx_word' id='word_1_111' title='bbox 320 2184 417 2211; x_wconf 89' lang='lat' dir='ltr'>cum</span> <span class='ocrx_word' id='word_1_112' title='bbox 449 2176 596 2212; x_wconf 85' lang='lat' dir='ltr'>tamen</span> <span class='ocrx_word' id='word_1_113' title='bbox 628 2171 694 2213; x_wconf 86' lang='lat' dir='ltr'>his</span> <span class='ocrx_word' id='word_1_114' title='bbox 725 2178 867 2227; x_wconf 88' lang='lat' dir='ltr'>posset</span> <span class='ocrx_word' id='word_1_115' title='bbox 898 2171 989 2213; x_wconf 84' lang='lat' dir='ltr'>sine</span> <span class='ocrx_word' id='word_1_116' title='bbox 1020 2172 1147 2214; x_wconf 90' lang='lat' dir='ltr'>rebus</span> <span class='ocrx_word' id='word_1_117' title='bbox 1178 2173 1269 2214; x_wconf 83' lang='lat' dir='ltr'>vita</span> <span class='ocrx_word' id='word_1_118' title='bbox 1298 2188 1482 2225; x_wconf 87' lang='lat' dir='ltr'>manere,</span> 
     </span>
    </p>

    <p class='ocr_par' dir='ltr' id='par_1_17' title="bbox 320 2239 1467 2298">
     <span class='ocr_line' id='line_1_20' title="bbox 320 2239 1467 2298; baseline 0.003 -17"><span class='ocrx_word' id='word_1_119' title='bbox 320 2245 370 2280; x_wconf 85' lang='lat' dir='ltr'>ut</span> <span class='ocrx_word' id='word_1_120' title='bbox 401 2239 513 2281; x_wconf 78' lang='lat' dir='ltr'>fama</span> <span class='ocrx_word' id='word_1_121' title='bbox 544 2246 609 2282; x_wconf 89' lang='lat' dir='ltr'>est</span> <span class='ocrx_word' id='word_1_122' title='bbox 639 2241 805 2296; x_wconf 81' lang='lat' dir='ltr'>aliquas</span> <span class='ocrx_word' id='word_1_123' title='bbox 836 2240 967 2282; x_wconf 84' lang='lat' dir='ltr'>etiam</span> <span class='ocrx_word' id='word_1_124' title='bbox 999 2255 1112 2282; x_wconf 89' lang='lat' dir='ltr'>nunc</span> <span class='ocrx_word' id='word_1_125' title='bbox 1142 2241 1284 2283; x_wconf 84' lang='lat' dir='ltr'>vivere</span> <span class='ocrx_word' id='word_1_126' title='bbox 1314 2243 1467 2298; x_wconf 84' lang='lat' dir='ltr'>gentis.</span> 
     </span>
    </p>

    <p class='ocr_par' dir='ltr' id='par_1_18' title="bbox 320 2308 1418 2366">
     <span class='ocr_line' id='line_1_21' title="bbox 320 2308 1418 2366; baseline 0.004 -17"><span class='ocrx_word' id='word_1_127' title='bbox 320 2313 366 2349; x_wconf 86' lang='lat' dir='ltr'>at</span> <span class='ocrx_word' id='word_1_128' title='bbox 397 2308 505 2350; x_wconf 87' lang='lat' dir='ltr'>bene</span> <span class='ocrx_word' id='word_1_129' title='bbox 536 2324 621 2350; x_wconf 87' lang='lat' dir='ltr'>non</span> <span class='ocrx_word' id='word_1_130' title='bbox 651 2316 820 2365; x_wconf 82' lang='lat' dir='ltr'>poterat</span> <span class='ocrx_word' id='word_1_131' title='bbox 851 2310 941 2352; x_wconf 87' lang='lat' dir='ltr'>sine</span> <span class='ocrx_word' id='word_1_132' title='bbox 972 2325 1077 2365; x_wconf 87' lang='lat' dir='ltr'>puro</span> <span class='ocrx_word' id='word_1_133' title='bbox 1108 2316 1279 2366; x_wconf 87' lang='lat' dir='ltr'>pectore</span> <span class='ocrx_word' id='word_1_134' title='bbox 1309 2312 1418 2363; x_wconf 81' lang='lat' dir='ltr'>vivi3</span> 
     </span>
    </p>

    <p class='ocr_par' dir='ltr' id='par_1_19' title="bbox 321 2377 1480 2433">
     <span class='ocr_line' id='line_1_22' title="bbox 321 2377 1480 2433; baseline 0.003 -16"><span class='ocrx_word' id='word_1_135' title='bbox 321 2390 404 2431; x_wconf 93' lang='lat' dir='ltr'>quo</span> <span class='ocrx_word' id='word_1_136' title='bbox 436 2377 571 2433; x_wconf 83' lang='lat' dir='ltr'>magis</span> <span class='ocrx_word' id='word_1_137' title='bbox 601 2377 670 2418; x_wconf 84' lang='lat' dir='ltr'>hic</span> <span class='ocrx_word' id='word_1_138' title='bbox 702 2377 854 2419; x_wconf 87' lang='lat' dir='ltr'>merito</span> <span class='ocrx_word' id='word_1_139' title='bbox 886 2377 1008 2419; x_wconf 89' lang='lat' dir='ltr'>nobis</span> <span class='ocrx_word' id='word_1_140' title='bbox 1039 2378 1145 2420; x_wconf 91' lang='lat' dir='ltr'>deus</span> <span class='ocrx_word' id='word_1_141' title='bbox 1175 2393 1266 2420; x_wconf 87' lang='lat' dir='ltr'>esse</span> <span class='ocrx_word' id='word_1_142' title='bbox 1298 2379 1480 2430; x_wconf 86' lang='lat' dir='ltr'>videtur,</span> 
     </span>
    </p>

    <p class='ocr_par' dir='ltr' id='par_1_20' title="bbox 321 2445 1804 2568">
     <span class='ocr_line' id='line_1_23' title="bbox 321 2445 1804 2504; baseline 0.005 -19"><span class='ocrx_word' id='word_1_143' title='bbox 321 2458 372 2486; x_wconf 85' lang='lat' dir='ltr'>ex</span> <span class='ocrx_word' id='word_1_144' title='bbox 404 2459 486 2500; x_wconf 90' lang='lat' dir='ltr'>quo</span> <span class='ocrx_word' id='word_1_145' title='bbox 516 2459 629 2486; x_wconf 88' lang='lat' dir='ltr'>nunc</span> <span class='ocrx_word' id='word_1_146' title='bbox 660 2445 791 2486; x_wconf 80' lang='lat' dir='ltr'>etiam</span> <span class='ocrx_word' id='word_1_147' title='bbox 822 2460 898 2501; x_wconf 89' lang='lat' dir='ltr'>per</span> <span class='ocrx_word' id='word_1_148' title='bbox 927 2460 1104 2501; x_wconf 84' lang='lat' dir='ltr'>magnas</span> <span class='ocrx_word' id='word_1_149' title='bbox 1134 2446 1273 2488; x_wconf 78' lang='lat' dir='ltr'>didita</span> <span class='ocrx_word' id='word_1_150' title='bbox 1301 2448 1444 2504; x_wconf 83' lang='lat' dir='ltr'>gentis</span> <span class='ocrx_word' id='word_1_151' title='bbox 1747 2461 1804 2492; x_wconf 87' lang='lat'>20</span> 
     </span>
     <span class='ocr_line' id='line_1_24' title="bbox 321 2512 1297 2568; baseline 0.002 -14"><span class='ocrx_word' id='word_1_152' title='bbox 321 2512 462 2554; x_wconf 84' lang='lat' dir='ltr'>dulcia</span> <span class='ocrx_word' id='word_1_153' title='bbox 492 2513 759 2568; x_wconf 82' lang='lat' dir='ltr'>permulcent</span> <span class='ocrx_word' id='word_1_154' title='bbox 789 2514 953 2555; x_wconf 85' lang='lat' dir='ltr'>animos</span> <span class='ocrx_word' id='word_1_155' title='bbox 984 2514 1138 2555; x_wconf 83' lang='lat' dir='ltr'>solacia</span> <span class='ocrx_word' id='word_1_156' title='bbox 1171 2514 1297 2557; x_wconf 82' lang='lat' dir='ltr'>vitae.</span> 
     </span>
    </p>

    <p class='ocr_par' dir='ltr' id='par_1_21' title="bbox 322 2581 1363 2639">
     <span class='ocr_line' id='line_1_25' title="bbox 322 2581 1363 2639; baseline 0.003 -17"><span class='ocrx_word' id='word_1_157' title='bbox 322 2581 521 2623; x_wconf 86' lang='lat' dir='ltr'>Herculis</span> <span class='ocrx_word' id='word_1_158' title='bbox 551 2582 759 2624; x_wconf 81' lang='lat' dir='ltr'>antistare</span> <span class='ocrx_word' id='word_1_159' title='bbox 790 2589 936 2624; x_wconf 81' lang='lat' dir='ltr'>autem</span> <span class='ocrx_word' id='word_1_160' title='bbox 968 2583 1004 2624; x_wconf 88' lang='lat' dir='ltr'>si</span> <span class='ocrx_word' id='word_1_161' title='bbox 1035 2583 1147 2624; x_wconf 83' lang='lat' dir='ltr'>facta</span> <span class='ocrx_word' id='word_1_162' title='bbox 1177 2584 1363 2639; x_wconf 83' lang='lat' dir='ltr'>putabis,</span> 
     </span>
    </p>

    <p class='ocr_par' dir='ltr' id='par_1_22' title="bbox 321 2650 1212 2706">
     <span class='ocr_line' id='line_1_26' title="bbox 321 2650 1212 2706; baseline 0.003 -15"><span class='ocrx_word' id='word_1_163' title='bbox 321 2650 490 2706; x_wconf 85' lang='lat' dir='ltr'>longius</span> <span class='ocrx_word' id='word_1_164' title='bbox 519 2666 545 2692; x_wconf 86' lang='lat' dir='ltr'>a</span> <span class='ocrx_word' id='word_1_165' title='bbox 578 2665 674 2692; x_wconf 80' lang='lat' dir='ltr'>vera</span> <span class='ocrx_word' id='word_1_166' title='bbox 705 2652 841 2693; x_wconf 87' lang='lat' dir='ltr'>multo</span> <span class='ocrx_word' id='word_1_167' title='bbox 872 2653 1037 2694; x_wconf 81' lang='lat' dir='ltr'>ratione</span> <span class='ocrx_word' id='word_1_168' title='bbox 1069 2653 1212 2695; x_wconf 88' lang='lat' dir='ltr'>ferere.</span> 
     </span>
    </p>

    <p class='ocr_par' dir='ltr' id='par_1_23' title="bbox 322 2719 1534 2778">
     <span class='ocr_line' id='line_1_27' title="bbox 322 2719 1534 2778; baseline 0.004 -18"><span class='ocrx_word' id='word_1_169' title='bbox 322 2719 426 2775; x_wconf 90' lang='lat' dir='ltr'>quid</span> <span class='ocrx_word' id='word_1_170' title='bbox 457 2719 702 2761; x_wconf 82' lang='lat' dir='ltr'>Nemeaeus</span> <span class='ocrx_word' id='word_1_171' title='bbox 733 2721 848 2762; x_wconf 88' lang='lat' dir='ltr'>enim</span> <span class='ocrx_word' id='word_1_172' title='bbox 879 2721 1001 2762; x_wconf 88' lang='lat' dir='ltr'>nobis</span> <span class='ocrx_word' id='word_1_173' title='bbox 1030 2736 1144 2762; x_wconf 88' lang='lat' dir='ltr'>nunc</span> <span class='ocrx_word' id='word_1_174' title='bbox 1175 2736 1358 2778; x_wconf 84' lang='lat' dir='ltr'>magnus</span> <span class='ocrx_word' id='word_1_175' title='bbox 1389 2722 1534 2765; x_wconf 82' lang='lat' dir='ltr'>hiatus</span> 
     </span>
    </p>
   </div>
   <div class='ocr_carea' id='block_1_5' title="bbox 206 2833 1805 2928">
    <p class='ocr_par' dir='ltr' id='par_1_24' title="bbox 206 2833 1805 2928">
     <span class='ocr_line' id='line_1_28' title="bbox 272 2833 1804 2878; baseline 0.005 -15"><span class='ocrx_word' id='word_1_176' title='bbox 272 2833 292 2863; x_wconf 84' lang='lat'><strong>2</strong></span> <span class='ocrx_word' id='word_1_177' title='bbox 314 2835 488 2864; x_wconf 76' lang='lat' dir='ltr'>maiestate</span> <span class='ocrx_word' id='word_1_178' title='bbox 505 2834 620 2874; x_wconf 79' lang='lat' dir='ltr'>hisque</span> <span class='ocrx_word' id='word_1_179' title='bbox 636 2835 776 2874; x_wconf 76' lang='lat' dir='ltr'>repertis</span> <span class='ocrx_word' id='word_1_180' title='bbox 791 2833 912 2865; x_wconf 88' lang='lat' dir='ltr'><strong>Lamb.</strong></span> <span class='ocrx_word' id='word_1_181' title='bbox 930 2834 982 2865; x_wconf 87' lang='lat' dir='ltr'>for</span> <span class='ocrx_word' id='word_1_182' title='bbox 997 2836 1182 2866; x_wconf 78' lang='lat' dir='ltr'>maiestatis</span> <span class='ocrx_word' id='word_1_183' title='bbox 1198 2840 1298 2875; x_wconf 79' lang='lat' dir='ltr'>atque</span> <span class='ocrx_word' id='word_1_184' title='bbox 1314 2837 1470 2876; x_wconf 79' lang='lat' dir='ltr'>repertis:</span> <span class='ocrx_word' id='word_1_185' title='bbox 1494 2835 1537 2868; x_wconf 90' lang='lat' dir='ltr'>he</span> <span class='ocrx_word' id='word_1_186' title='bbox 1552 2846 1714 2878; x_wconf 85' lang='lat' dir='ltr'>proposes</span> <span class='ocrx_word' id='word_1_187' title='bbox 1730 2838 1804 2872; x_wconf 83' lang='lat' dir='ltr'>also</span> 
     </span>
     <span class='ocr_line' id='line_1_29' title="bbox 206 2887 1805 2928; baseline 0.006 -12"><span class='ocrx_word' id='word_1_188' title='bbox 206 2887 377 2918; x_wconf 75' lang='lat' dir='ltr'>maiestate</span> <span class='ocrx_word' id='word_1_189' title='bbox 394 2891 492 2927; x_wconf 80' lang='lat' dir='ltr'>atque</span> <span class='ocrx_word' id='word_1_190' title='bbox 508 2897 535 2918; x_wconf 86' lang='lat' dir='ltr'>r.</span> <span class='ocrx_word' id='word_1_191' title='bbox 580 2888 827 2928; x_wconf 78' lang='lat' dir='ltr'>maiestatisque</span> <span class='ocrx_word' id='word_1_192' title='bbox 843 2890 982 2928; x_wconf 78' lang='lat' dir='ltr'>repertis</span> <span class='ocrx_word' id='word_1_193' title='bbox 998 2888 1091 2920; x_wconf 86' lang='lat' dir='ltr'>Nico.</span> <span class='ocrx_word' id='word_1_194' title='bbox 1108 2889 1178 2920; x_wconf 82' lang='lat' dir='ltr'>and</span> <span class='ocrx_word' id='word_1_195' title='bbox 1193 2888 1240 2921; x_wconf 80' lang='lat' dir='ltr'>all</span> <span class='ocrx_word' id='word_1_196' title='bbox 1256 2888 1369 2922; x_wconf 83' lang='lat' dir='ltr'>before</span> <span class='ocrx_word' id='word_1_197' title='bbox 1383 2889 1504 2922; x_wconf 82' lang='lat' dir='ltr'><strong>Lamb.</strong></span> <span class='ocrx_word' id='word_1_198' title='bbox 1624 2892 1664 2923; x_wconf 82' lang='lat'>12</span> <span class='ocrx_word' id='word_1_199' title='bbox 1682 2893 1805 2925; x_wconf 83' lang='lat' dir='ltr'>locavit</span> 
     </span>
    </p>
   </div>
  </div>
 </body>
</html>
