1997 3267
270 2829 388 2861 Lamb.
416 2828 466 2861 ed.
495 2829 512 2859 1
536 2828 605 2859 and
629 2829 648 2858 2
671 2827 722 2858 for
745 2829 810 2858 alit
833 2826 976 2866 rightly3
1001 2825 1052 2858 ed.
1073 2827 1092 2856 3
1114 2824 1158 2856 he
1180 2826 1323 2856 restores
1347 2824 1422 2855 alit.

271 2884 413 2914 Roditur
428 2882 513 2913 Mar.
531 2881 628 2912 Junt.
645 2880 764 2912 Lamb.
780 2880 881 2920 vulgo
898 2879 1010 2911 before
1027 2878 1126 2910 Wak.

272 2936 386 2969 Camb.
411 2936 504 2968 Mon.
530 2936 581 2966 for
603 2937 740 2976 γεῃεηιιῖ.

1025 187 1066 228 V

368 294 553 350 pulveris
584 293 755 335 exhalat
784 293 988 335 nebulam
1019 294 1240 349 nubesque
1270 294 1453 335 volantis

367 377 472 418 quas
501 362 632 403 validi
662 367 753 403 toto
784 362 1036 418 dispergunt
1066 377 1162 404 aere
1193 362 1322 405 venti.

367 445 463 486 pars
493 430 624 471 etiam
654 430 877 486 glebarum
908 430 963 471 ad
993 430 1198 471 diluviem
1228 435 1451 472 revocatur

367 498 576 540 imbribus
606 503 649 539 et
679 498 793 553 ripas
822 498 1018 539 radentia
1047 498 1226 539 flumina
1256 498 1423 540 rodunt.

368 573 588 622 praeterea
617 581 692 621 pro
722 571 843 621 parte
874 580 961 614 sua,
992 566 1288 621 quodcumque
1319 567 1406 608 alid
1437 571 1578 623 auget,

367 635 583 686 redditur3
623 641 667 675 613
697 634 898 689 quoniam
929 634 1059 676 dubio
1090 635 1236 689 procul
1267 649 1358 676 esse
1389 635 1561 676 videtur

369 705 636 760 omniparens
667 703 814 745 eadem
846 718 988 744 rerum
1019 719 1243 745 commune
1274 704 1529 758 sepulcrum,

370 789 468 829 ergo
499 779 611 814 terra
642 773 723 814 tibi
753 772 914 813 libatur
945 777 989 813 et
1018 778 1145 813 aucta
1175 771 1383 813 recrescit.

427 841 550 892 Quod
580 845 784 896 superest,
814 854 961 881 umore
990 855 1099 881 novo
1129 855 1244 881 mare
1277 840 1454 881 flumina
1484 841 1623 882 fontes

369 925 534 964 semper
563 909 780 951 abundare
812 914 857 950 et
888 908 1036 950 latices
1066 923 1239 950 manare
1270 909 1469 963 perennis

368 979 429 1020 nil
459 993 565 1035 opus
595 984 662 1020 est
692 978 854 1020 verbis:
895 992 1077 1033 magnus
1107 977 1309 1019 decursus
1339 992 1546 1032 aquarum

368 1048 557 1103 undique
587 1048 785 1089 declarat.
827 1047 901 1089 sed
932 1047 1117 1102 primum
1151 1046 1353 1101 quicquid
1384 1046 1512 1101 aquai

369 1118 535 1160 tollitur
564 1118 609 1159 in
639 1132 890 1172 summaque
921 1116 971 1157 fit
1002 1121 1052 1158 ut
1083 1116 1144 1157 nil
1176 1131 1299 1157 umor
1328 1115 1532 1166 abundet,

370 1187 525 1243 partim
557 1185 669 1242 quod
700 1185 832 1226 validi
864 1190 1082 1226 verrentes
1112 1199 1298 1239 aequora
1328 1184 1448 1225 venti

369 1255 616 1297 diminuunt
646 1253 861 1308 radiisque
891 1261 1089 1294 retexens
1120 1253 1338 1294 aetherius
1369 1252 1441 1302 sol,

369 1323 526 1379 partim
557 1322 671 1377 quod
701 1328 849 1376 supter
879 1335 956 1376 per
986 1326 1120 1362 terras
1151 1320 1316 1361 diditur
1345 1320 1506 1373 omnis3

370 1392 610 1448 percolatur
640 1391 753 1432 enim
785 1390 900 1431 virus
930 1396 1128 1445 retroque
1159 1394 1353 1430 remanat

370 1460 568 1503 materies
599 1459 757 1500 umoris
788 1465 832 1500 et
862 1458 916 1499 ad
947 1464 1077 1513 caput
1108 1458 1306 1499 amnibus
1337 1458 1474 1499 omnis

371 1529 579 1578 convenit,
609 1529 708 1569 inde
739 1542 867 1582 super
897 1532 1031 1569 terras
1063 1527 1160 1568 fluit
1190 1527 1361 1582 agmine
1391 1526 1507 1568 dulci

372 1611 455 1653 qua
487 1596 555 1637 via
583 1601 698 1637 secta
728 1594 859 1636 semel
890 1594 1052 1649 liquido
1081 1594 1189 1650 pede
1220 1594 1377 1636 detulit
1407 1594 1552 1636 undas.

430 1667 542 1707 Aera
571 1679 686 1706 nunc
716 1664 851 1720 igitur
881 1663 1019 1704 dicam
1052 1663 1127 1718 qui
1158 1677 1328 1718 corpore
1359 1667 1450 1704 toto

372 1733 743 1776 innumerabiliter
772 1732 913 1788 privas
944 1737 1140 1773 mutatur
1170 1731 1215 1772 in
1246 1731 1378 1772 horas.

373 1817 539 1858 semper
569 1802 694 1851 enim,
726 1800 1023 1856 quodcumque
1054 1799 1151 1840 fluit
1182 1798 1234 1840 de
1265 1799 1401 1847 rebus,
1432 1798 1476 1839 id
1508 1812 1632 1840 omne

373 1872 481 1914 aeris
509 1872 554 1912 in
585 1885 788 1926 magnum
821 1870 956 1911 fertur
986 1883 1128 1920 mare3
1168 1868 1242 1923 qui
1272 1868 1355 1909 nisi
1386 1873 1532 1909 contra

375 1955 546 1995 corpora
574 1939 786 1981 retribuat
817 1937 944 1979 rebus
974 1943 1222 1992 recreetque
1254 1936 1442 1985 fluentis,

375 2008 517 2050 omnia
546 2007 631 2049 iam
663 2006 850 2048 resoluta
880 2005 1018 2046 forent
1049 2010 1094 2045 et
1124 2004 1169 2045 in
1200 2019 1297 2045 aera
1327 2018 1457 2046 versa.

376 2077 483 2118 haut
512 2076 646 2132 igitur
676 2080 813 2116 cessat
843 2074 965 2130 gigni
997 2073 1049 2115 de
1080 2073 1207 2114 rebus
1237 2078 1282 2114 et
1312 2072 1357 2113 in
1387 2086 1453 2113 res

376 2145 595 2194 reccidere,
625 2143 802 2185 adsidue
834 2142 1036 2197 quoniam
1067 2141 1199 2182 fluere
1230 2140 1372 2181 omnia
1402 2144 1581 2181 constat.

435 2213 597 2268 Largus
627 2212 734 2253 item
765 2210 919 2265 liquidi
950 2210 1042 2251 fons
1072 2209 1258 2258 luminis,
1288 2207 1503 2249 aetherius
1533 2208 1605 2257 sol,

377 2281 534 2337 inrigat
564 2280 741 2321 adsidue
772 2279 937 2320 caelum
969 2277 1149 2320 candore
1179 2276 1341 2318 recenti

379 2348 710 2405 suppeditatque
740 2363 848 2389 novo
879 2346 1101 2389 confestim
1132 2345 1295 2387 lumine
1325 2345 1481 2386 lumen.

378 2432 478 2458 nam
508 2417 693 2471 primum
725 2415 929 2471 quicquid
961 2414 1137 2470 fulgoris
1168 2413 1347 2469 disperit
1378 2413 1429 2462 ei,

379 2499 645 2541 quocumque
676 2484 841 2526 accidit.
901 2483 945 2524 id
975 2482 1076 2523 licet
1107 2482 1206 2523 hinc
1236 2494 1484 2537 cognoscere
1514 2479 1659 2535 possis,

380 2555 492 2611 quod
522 2554 648 2595 simul
678 2568 727 2594 ac
756 2552 944 2608 primum
975 2551 1112 2593 nubes
1142 2550 1366 2592 succedere
1397 2549 1476 2590 soli

380 2637 552 2678 coepere
583 2628 627 2663 et
656 2621 795 2663 radios
825 2621 938 2662 inter
969 2619 1090 2675 quasi
1118 2633 1316 2674 rumpere
1348 2617 1463 2667 lucis,

381 2690 596 2745 extemplo
625 2689 797 2730 inferior
827 2703 924 2743 pars
955 2688 1107 2728 horum
1137 2686 1317 2742 disperit
1347 2685 1484 2726 omnis

894 2935 955 2965 288
979 2934 1119 2973 disperit
1141 2932 1234 2963 Nice.
1257 2931 1286 2962 B
1308 2941 1394 2963 corr.
1418 2931 1470 2961 for
1491 2931 1644 2970 disparis.

1761 440 1841 484 255

1763 773 1849 816 260

1765 1117 1844 1169 265

1765 1468 1851 1510 270

1768 1807 1848 1851 275

1769 2136 1855 2180 28'0

1771 2480 1850 2531 285

1595 2822 1659 2854 258
1680 2822 1854 2854 Redditur.

1348 2877 1409 2907 282
1424 2876 1547 2908 recenti
1561 2875 1591 2906 B
1606 2884 1690 2907 corr.
1706 2875 1795 2907 Flor.
1817 2877 1857 2907 31

1795 2931 1857 2963 291
