1997 3267
858 223 922 266 VI
1601 226 1694 280 289

198 338 384 395 denique
415 352 500 379 non
531 351 634 379 auro
664 351 731 378 res
761 351 915 378 aurum
946 336 1119 391 copulat
1151 351 1238 378 una

199 407 373 462 aerique
405 421 474 448 aes
504 405 682 462 plumbo
714 404 762 445 fit
794 404 859 446 uti
891 404 1098 461 iungatur
1128 405 1183 446 ab
1214 404 1340 446 albo?

199 465 342 518 cetera
372 476 458 518 iam
490 489 620 531 quam
652 474 791 515 multa
822 473 922 514 licet
953 472 1164 528 reperire!
1206 474 1308 530 quid
1340 477 1471 531 ergo?
1588 477 1696 518 1080

199 562 278 589 nec
309 546 391 588 tibi
424 551 512 587 tam
546 544 683 601 longis
713 558 821 599 opus
851 548 917 585 est
948 543 1204 600 ambagibus
1236 559 1428 600 usquam,
1585 551 1587 553 '

199 631 277 658 nec
309 630 376 657 me
409 621 498 656 tam
533 615 714 656 multam
747 613 816 654 hic
847 628 1020 669 operam
1052 629 1300 656 consumere
1332 629 1409 669 par
1439 621 1514 662 est,

200 685 274 727 sed
304 685 493 726 breviter
523 683 670 739 paucis
701 689 893 738 praestat
924 683 1227 739 comprendere
1259 683 1408 725 multa.

200 769 382 810 quorum
413 753 476 795 ita
508 758 707 794 texturae
739 751 987 793 ceciderunt
1019 759 1173 793 mutua
1204 758 1361 801 contra,

201 827 252 864 ut
283 837 389 864 cava
417 822 674 863 conveniant
706 820 845 876 plenis
877 820 981 862 hacc
1013 821 1128 862 illius
1161 820 1234 862 illa
1590 821 1692 873 1085

202 891 416 946 huiusque
448 891 563 932 inter
593 905 648 940 se,
681 890 882 931 iunctura
914 890 1017 931 haec
1049 890 1213 945 optima
1243 896 1422 932 constat.

201 967 269 1003 est
299 961 444 1009 etiam,
477 959 599 1016 quasi
631 965 680 1001 ut
711 959 863 1000 anellis
896 959 1120 1015 hamisque
1152 960 1311 1014 plicata

201 1029 316 1072 inter
346 1044 389 1071 se
421 1029 632 1085 quaedam
664 1029 829 1084 possint
861 1029 1030 1084 coplata
1061 1029 1222 1080 teneri;

203 1099 318 1156 quod
349 1099 485 1154 magis
519 1099 563 1140 in
596 1098 738 1154 lapide
770 1098 847 1139 hoc
880 1099 970 1139 fieri
1004 1099 1198 1154 ferroque
1231 1099 1410 1141 videtur.

261 1167 390 1209 Nunc
422 1167 532 1208 ratio
564 1181 673 1222 quae
705 1167 761 1207 sit
794 1167 952 1207 morbis
983 1173 1059 1208 aut
1092 1167 1206 1208 unde
1237 1174 1414 1223 repente
1593 1179 1700 1221 1090

203 1236 467 1278 mortiferam
500 1235 635 1291 possit
666 1234 830 1276 cladem
863 1235 1046 1276 conflare
1077 1241 1221 1276 coorta

204 1305 399 1347 morbida
431 1305 494 1346 vis
526 1304 748 1345 hominum
780 1304 929 1360 generi
961 1305 1262 1360 pecudumque
1294 1304 1488 1355 catervis,

205 1374 441 1430 expediam.
484 1373 671 1429 primum
704 1374 940 1414 multarum
972 1374 1136 1414 semina
1166 1388 1309 1414 rerum

206 1457 297 1485 esse
328 1458 457 1498 supra
487 1442 611 1484 docui
645 1457 753 1498 quae
785 1442 873 1483 sint
906 1442 1056 1483 vitalia
1087 1443 1219 1492 nobis,

205 1517 251 1554 et
282 1518 430 1554 contra
461 1527 570 1568 quae
602 1512 689 1553 sint
721 1511 868 1553 morbo
899 1512 1113 1567 mortique
1145 1519 1359 1553 necessest
1594 1522 1696 1564 1095

205 1582 345 1624 multa
375 1582 528 1623 volare.
590 1596 640 1623 ea
670 1597 768 1622 cum
801 1596 899 1622 casu
933 1588 1034 1622 sunt
1067 1582 1174 1622 forte
1206 1587 1349 1623 coorta

207 1656 251 1693 et
282 1650 593 1706 perturbarunt
625 1650 803 1698 caelum,
836 1651 884 1690 fit
916 1649 1137 1691 morbidus
1167 1665 1249 1691 aer.

206 1725 337 1775 atque
369 1735 420 1761 ea
450 1720 514 1761 vis
545 1720 683 1761 omnis
714 1719 957 1760 morborum
991 1719 1290 1774 pestilitasque

207 1795 284 1830 aut
315 1789 580 1830 extrinsecus
612 1795 662 1830 ut
694 1789 829 1830 nubes
860 1788 1129 1843 nebulaeque
1162 1802 1345 1843 superne

208 1872 285 1913 per
315 1857 480 1898 caelum
514 1857 706 1906 veniunt,
738 1862 815 1897 aut
846 1856 939 1912 ipsa
971 1871 1097 1912 saepe
1129 1863 1297 1898 coortae
1595 1867 1704 1898 1100

207 1927 261 1968 de
293 1931 408 1967 terra
439 1933 634 1981 surgunt,
667 1926 741 1967 ubi
773 1932 972 1981 putorem
1004 1926 1151 1967 umida
1181 1931 1351 1967 nactast

209 1995 529 2050 intempestivis
560 1994 806 2050 pluviisque
839 2002 883 2036 et
913 1995 1073 2036 solibus
1104 1995 1201 2037 icta.

209 2078 349 2106 nonne
382 2064 501 2105 vides
532 2064 664 2105 etiam
697 2064 803 2105 caeli
834 2064 1027 2105 novitate
1060 2071 1104 2105 et
1134 2079 1343 2120 aquarum

210 2132 416 2188 temptari
446 2133 593 2188 procul
624 2148 650 2173 a
680 2133 821 2187 patria
852 2133 1113 2189 quicumque
1145 2133 1356 2189 domoque

208 2203 445 2245 adveniunt
475 2203 571 2244 ideo
602 2204 704 2259 quia
735 2203 858 2258 longe
890 2203 1172 2259 discrepitant
1202 2206 1299 2245 res?
1596 2214 1699 2254 1105

208 2287 308 2314 nam
341 2273 444 2328 quid
477 2272 698 2314 Brittanni
729 2272 894 2314 caelum
926 2272 1096 2314 differre
1127 2278 1344 2328 putamus,

209 2346 254 2384 et
285 2342 397 2397 quod
429 2342 475 2383 in
505 2342 706 2398 Aegypto
738 2347 803 2383 est
835 2356 920 2397 qua
950 2341 1102 2383 mundi
1133 2342 1347 2383 claudicat
1378 2341 1480 2390 axis,

210 2413 366 2470 quidve
399 2412 511 2468 quod
543 2412 588 2453 in
621 2412 759 2453 Ponto
790 2417 855 2453 est
886 2411 1067 2460 differre,
1099 2416 1143 2452 et
1175 2411 1369 2453 Gadibus
1399 2418 1530 2466 atque

95 2582 178 2604 auro
192 2582 243 2603 res
258 2571 368 2603 Faber
383 2581 448 2603 em.
465 2571 518 2602 for
533 2581 599 2603 non
611 2581 662 2602 res
675 2581 756 2602 auro
769 2570 809 2609 B,
824 2580 875 2602 res
888 2580 969 2601 auro
982 2570 1011 2600 A
1024 2569 1118 2601 Nicc.
1253 2570 1336 2602 1079
1361 2570 1504 2609 Aerique
1518 2579 1572 2600 aes
1585 2568 1703 2600 Lamb.

95 2626 296 2666 excellently
311 2626 363 2657 for
378 2627 540 2666 Aeraque.
632 2627 715 2657 1083
733 2630 886 2666 praestat
901 2625 929 2656 Β
945 2625 1070 2656 Avanc.
1090 2624 1203 2656 Bentl.
1250 2629 1354 2655 restat
1369 2624 1399 2654 A
1417 2623 1510 2655 Nice.
1527 2622 1619 2663 vulg.

139 2680 222 2713 1089
244 2682 326 2721 fieri
357 2681 448 2712 Flor.
495 2681 535 2711 31
568 2680 686 2712 Camb.
719 2680 803 2712 Mar.
838 2682 902 2711 etc.
934 2679 987 2711 for
1007 2680 1106 2720 ferri.
1337 2678 1420 2710 1090
1452 2680 1487 2709 to
1521 2678 1616 2717 1191,
1649 2676 1705 2710 i.e.

96 2737 162 2766 two
177 2735 300 2773 leaves,
318 2745 374 2767 are
391 2735 544 2774 wanting
559 2736 594 2766 in
619 2735 691 2766 cod.
709 2735 834 2766 Victor.
861 2744 900 2765 or
919 2734 1034 2766 Mon.:
1059 2733 1118 2765 the
1136 2732 1294 2773 readings
1317 2732 1352 2764 of
1379 2734 1387 2748 ‘
1399 2732 1534 2763 Maru1.'
1554 2731 1652 2772 given
1671 2734 1706 2763 to

95 2788 192 2820 these
215 2799 280 2821 vss.
308 2789 325 2820 I
347 2789 434 2821 have
460 2790 562 2821 taken
587 2790 676 2820 from
699 2789 885 2821 Victorius’
911 2799 997 2829 copy
1018 2789 1054 2820 of
1076 2788 1161 2819 Ven.
1184 2787 1313 2828 spoken
1337 2786 1374 2819 of
1397 2786 1434 2818 in
1454 2786 1513 2818 the
1534 2785 1706 2817 introduc-

95 2842 182 2874 tion.
359 2845 442 2877 1091
459 2845 587 2876 cladem
603 2844 643 2875 B.
661 2854 746 2876 corr.
764 2843 840 2875 Ald.
860 2844 877 2874 1
894 2843 915 2874 J
920 2845 991 2874 unt.
1010 2843 1063 2874 for
1079 2843 1219 2874 cradem.
1406 2842 1490 2874 1099
1506 2842 1707 2872 extrinsecus
1759 2843 1769 2850 ⁹

95 2896 124 2926 B
136 2894 212 2927 Ald.
233 2895 251 2926 1
268 2896 363 2929 Junt.
413 2899 612 2929 intrinsecus
628 2897 658 2928 A
674 2897 769 2928 Nice.
948 2897 1032 2927 1100
1048 2900 1177 2928 coortae
1192 2895 1298 2927 Lach.
1315 2895 1368 2926 for
1383 2900 1495 2926 coorta
1510 2907 1518 2926 ε
1541 2894 1602 2926 but
1618 2894 1635 2925 I
1651 2903 1706 2925 am

96 2953 157 2982 not
173 2960 249 2982 sure
264 2951 292 2982 it
307 2951 338 2982 is
353 2961 542 2993 necessary.
717 2951 799 2982 1101
813 2956 974 2992 putorem.
1019 2955 1188 2991 φαῖνον-ειη
1204 2950 1349 2990 Nauger.
1371 2949 1492 2980 Lamb.
1511 2951 1572 2981 etc.

139 3005 222 3037 1106
247 3007 423 3038 Brittanni
439 3006 504 3038 Ed.
522 3007 575 3038 for
590 3008 795 3040 Brittannis.
845 3007 1049 3038 Britannum
1063 3006 1185 3038 Lamb.
1335 3005 1418 3038 1109
1435 3005 1540 3036 colore
1557 3004 1648 3035 Flor.
1666 3003 1706 3034 31

210 3083 255 3114 M.
1540 3072 1592 3112 19
