<?xml version="1.0" encoding="UTF-8"?>
<!DOCTYPE html PUBLIC "-//W3C//DTD XHTML 1.0 Transitional//EN"
    "http://www.w3.org/TR/xhtml1/DTD/xhtml1-transitional.dtd">
<html xmlns="http://www.w3.org/1999/xhtml" xml:lang="en" lang="en">
 <head>
  <title>
</title>
<meta http-equiv="Content-Type" content="text/html;charset=utf-8" />
  <meta name='ocr-system' content='tesseract 3.04.00' />
  <meta name='ocr-capabilities' content='ocr_page ocr_carea ocr_par ocr_line ocrx_word'/>
</head>
<body>
  <div class='ocr_page' id='page_1' title='image "./lucreticariderer01lucruoft_0148.png"; bbox 0 0 1997 3267; ppageno 0'>
   <div class='ocr_carea' id='block_1_1' title="bbox 238 213 1050 270">
    <p class='ocr_par' dir='ltr' id='par_1_1' title="bbox 238 213 1050 270">
     <span class='ocr_line' id='line_1_1' title="bbox 238 213 1050 270; baseline -0.005 -12"><span class='ocrx_word' id='word_1_1' title='bbox 238 227 315 270; x_wconf 88' lang='lat'>132</span> <span class='ocrx_word' id='word_1_2' title='bbox 978 213 1050 254; x_wconf 95' lang='lat' dir='ltr'>III</span> 
     </span>
    </p>
   </div>
   <div class='ocr_carea' id='block_1_2' title="bbox 345 318 1833 2563">
    <p class='ocr_par' dir='ltr' id='par_1_2' title="bbox 345 318 1833 2563">
     <span class='ocr_line' id='line_1_2' title="bbox 345 318 1820 373; baseline -0.002 -11"><span class='ocrx_word' id='word_1_3' title='bbox 345 325 521 362; x_wconf 87' lang='lat' dir='ltr'>naturas</span> <span class='ocrx_word' id='word_1_4' title='bbox 550 319 772 361; x_wconf 88' lang='lat' dir='ltr'>hominum</span> <span class='ocrx_word' id='word_1_5' title='bbox 803 319 941 360; x_wconf 87' lang='lat' dir='ltr'>varias</span> <span class='ocrx_word' id='word_1_6' title='bbox 970 333 1192 373; x_wconf 89' lang='lat' dir='ltr'>moresque</span> <span class='ocrx_word' id='word_1_7' title='bbox 1222 318 1439 373; x_wconf 72' lang='lat' dir='ltr'>sequacis:</span> <span class='ocrx_word' id='word_1_8' title='bbox 1742 327 1820 373; x_wconf 81' lang='lat'>315</span> 
     </span>
     <span class='ocr_line' id='line_1_3' title="bbox 346 400 1564 443; baseline -0.001 -15"><span class='ocrx_word' id='word_1_9' title='bbox 346 402 525 443; x_wconf 90' lang='lat' dir='ltr'>quorum</span> <span class='ocrx_word' id='word_1_10' title='bbox 557 401 635 442; x_wconf 91' lang='lat' dir='ltr'>ego</span> <span class='ocrx_word' id='word_1_11' title='bbox 665 401 779 428; x_wconf 90' lang='lat' dir='ltr'>nunc</span> <span class='ocrx_word' id='word_1_12' title='bbox 808 401 973 441; x_wconf 84' lang='lat' dir='ltr'>nequeo</span> <span class='ocrx_word' id='word_1_13' title='bbox 1003 401 1147 427; x_wconf 88' lang='lat' dir='ltr'>caecas</span> <span class='ocrx_word' id='word_1_14' title='bbox 1177 400 1386 440; x_wconf 79' lang='lat' dir='ltr'>exponere</span> <span class='ocrx_word' id='word_1_15' title='bbox 1417 400 1564 427; x_wconf 82' lang='lat' dir='ltr'>causas</span> 
     </span>
     <span class='ocr_line' id='line_1_4' title="bbox 347 449 1474 511; baseline -0.001 -14"><span class='ocrx_word' id='word_1_16' title='bbox 347 470 426 497; x_wconf 89' lang='lat' dir='ltr'>nec</span> <span class='ocrx_word' id='word_1_17' title='bbox 455 449 640 511; x_wconf 87' lang='lat' dir='ltr'>reperire</span> <span class='ocrx_word' id='word_1_18' title='bbox 669 455 904 510; x_wconf 88' lang='lat' dir='ltr'>figurarum</span> <span class='ocrx_word' id='word_1_19' title='bbox 935 459 1002 495; x_wconf 91' lang='lat' dir='ltr'>tot</span> <span class='ocrx_word' id='word_1_20' title='bbox 1031 454 1205 495; x_wconf 89' lang='lat' dir='ltr'>nomina</span> <span class='ocrx_word' id='word_1_21' title='bbox 1237 460 1341 508; x_wconf 90' lang='lat' dir='ltr'>quot</span> <span class='ocrx_word' id='word_1_22' title='bbox 1371 459 1474 496; x_wconf 85' lang='lat' dir='ltr'>sunt</span> 
     </span>
     <span class='ocr_line' id='line_1_5' title="bbox 346 522 1444 578; baseline 0.001 -14"><span class='ocrx_word' id='word_1_23' title='bbox 346 523 577 578; x_wconf 86' lang='lat' dir='ltr'>principiis,</span> <span class='ocrx_word' id='word_1_24' title='bbox 607 522 720 564; x_wconf 88' lang='lat' dir='ltr'>unde</span> <span class='ocrx_word' id='word_1_25' title='bbox 751 522 856 563; x_wconf 85' lang='lat' dir='ltr'>haec</span> <span class='ocrx_word' id='word_1_26' title='bbox 885 522 1021 563; x_wconf 91' lang='lat' dir='ltr'>oritur</span> <span class='ocrx_word' id='word_1_27' title='bbox 1051 522 1261 563; x_wconf 86' lang='lat' dir='ltr'>variantia</span> <span class='ocrx_word' id='word_1_28' title='bbox 1290 537 1444 565; x_wconf 87' lang='lat' dir='ltr'>rerum.</span> 
     </span>
     <span class='ocr_line' id='line_1_6' title="bbox 349 590 1366 646; baseline -0.001 -13"><span class='ocrx_word' id='word_1_29' title='bbox 349 592 458 633; x_wconf 90' lang='lat' dir='ltr'>illud</span> <span class='ocrx_word' id='word_1_30' title='bbox 487 591 533 633; x_wconf 88' lang='lat' dir='ltr'>in</span> <span class='ocrx_word' id='word_1_31' title='bbox 563 591 628 633; x_wconf 91' lang='lat' dir='ltr'>his</span> <span class='ocrx_word' id='word_1_32' title='bbox 658 591 786 632; x_wconf 88' lang='lat' dir='ltr'>rebus</span> <span class='ocrx_word' id='word_1_33' title='bbox 816 590 961 632; x_wconf 89' lang='lat' dir='ltr'>videor</span> <span class='ocrx_word' id='word_1_34' title='bbox 990 591 1158 632; x_wconf 89' lang='lat' dir='ltr'>firmare</span> <span class='ocrx_word' id='word_1_35' title='bbox 1188 596 1366 646; x_wconf 88' lang='lat' dir='ltr'>potesse,</span> 
     </span>
     <span class='ocr_line' id='line_1_7' title="bbox 346 659 1827 716; baseline -0.001 -15"><span class='ocrx_word' id='word_1_36' title='bbox 346 674 480 716; x_wconf 88' lang='lat' dir='ltr'>usque</span> <span class='ocrx_word' id='word_1_37' title='bbox 509 660 615 701; x_wconf 89' lang='lat' dir='ltr'>adeo</span> <span class='ocrx_word' id='word_1_38' title='bbox 644 665 895 701; x_wconf 84' lang='lat' dir='ltr'>naturarum</span> <span class='ocrx_word' id='word_1_39' title='bbox 927 659 1110 716; x_wconf 86' lang='lat' dir='ltr'>vestigia</span> <span class='ocrx_word' id='word_1_40' title='bbox 1140 659 1277 714; x_wconf 89' lang='lat' dir='ltr'>linqui</span> <span class='ocrx_word' id='word_1_41' title='bbox 1742 669 1827 712; x_wconf 87' lang='lat'>320</span> 
     </span>
     <span class='ocr_line' id='line_1_8' title="bbox 345 727 1416 784; baseline -0.001 -15"><span class='ocrx_word' id='word_1_42' title='bbox 345 728 518 784; x_wconf 88' lang='lat' dir='ltr'>parvola</span> <span class='ocrx_word' id='word_1_43' title='bbox 547 743 656 784; x_wconf 86' lang='lat' dir='ltr'>quae</span> <span class='ocrx_word' id='word_1_44' title='bbox 685 734 873 783; x_wconf 76' lang='lat' dir='ltr'>nequeat</span> <span class='ocrx_word' id='word_1_45' title='bbox 902 728 1011 769; x_wconf 86' lang='lat' dir='ltr'>ratio</span> <span class='ocrx_word' id='word_1_46' title='bbox 1041 728 1252 782; x_wconf 85' lang='lat' dir='ltr'>depellere</span> <span class='ocrx_word' id='word_1_47' title='bbox 1282 727 1416 777; x_wconf 91' lang='lat' dir='ltr'>nobis,</span> 
     </span>
     <span class='ocr_line' id='line_1_9' title="bbox 345 795 1370 851; baseline -0.002 -13"><span class='ocrx_word' id='word_1_48' title='bbox 345 801 397 839; x_wconf 91' lang='lat' dir='ltr'>ut</span> <span class='ocrx_word' id='word_1_49' title='bbox 426 796 488 837; x_wconf 89' lang='lat' dir='ltr'>nil</span> <span class='ocrx_word' id='word_1_50' title='bbox 518 796 712 851; x_wconf 87' lang='lat' dir='ltr'>inpediat</span> <span class='ocrx_word' id='word_1_51' title='bbox 741 795 915 851; x_wconf 84' lang='lat' dir='ltr'>dignam</span> <span class='ocrx_word' id='word_1_52' title='bbox 946 795 1012 836; x_wconf 91' lang='lat' dir='ltr'>dis</span> <span class='ocrx_word' id='word_1_53' title='bbox 1042 795 1194 850; x_wconf 81' lang='lat' dir='ltr'>degere</span> <span class='ocrx_word' id='word_1_54' title='bbox 1226 795 1370 836; x_wconf 87' lang='lat' dir='ltr'>vitam.</span> 
     </span>
     <span class='ocr_line' id='line_1_10' title="bbox 403 863 1509 919; baseline -0.002 -14"><span class='ocrx_word' id='word_1_55' title='bbox 403 863 524 905; x_wconf 91' lang='lat' dir='ltr'>Haec</span> <span class='ocrx_word' id='word_1_56' title='bbox 554 863 688 919; x_wconf 90' lang='lat' dir='ltr'>igitur</span> <span class='ocrx_word' id='word_1_57' title='bbox 718 868 874 904; x_wconf 90' lang='lat' dir='ltr'>natura</span> <span class='ocrx_word' id='word_1_58' title='bbox 903 868 1077 904; x_wconf 90' lang='lat' dir='ltr'>tenetur</span> <span class='ocrx_word' id='word_1_59' title='bbox 1106 877 1276 918; x_wconf 86' lang='lat' dir='ltr'>corpore</span> <span class='ocrx_word' id='word_1_60' title='bbox 1307 863 1360 904; x_wconf 89' lang='lat' dir='ltr'>ab</span> <span class='ocrx_word' id='word_1_61' title='bbox 1392 863 1509 904; x_wconf 88' lang='lat' dir='ltr'>omni</span> 
     </span>
     <span class='ocr_line' id='line_1_11' title="bbox 345 931 1444 988; baseline -0.003 -14"><span class='ocrx_word' id='word_1_62' title='bbox 345 932 522 988; x_wconf 85' lang='lat' dir='ltr'>ipsaque</span> <span class='ocrx_word' id='word_1_63' title='bbox 553 931 736 986; x_wconf 89' lang='lat' dir='ltr'>corporis</span> <span class='ocrx_word' id='word_1_64' title='bbox 767 936 832 972; x_wconf 92' lang='lat' dir='ltr'>est</span> <span class='ocrx_word' id='word_1_65' title='bbox 862 936 1004 972; x_wconf 87' lang='lat' dir='ltr'>custos</span> <span class='ocrx_word' id='word_1_66' title='bbox 1035 936 1079 972; x_wconf 89' lang='lat' dir='ltr'>et</span> <span class='ocrx_word' id='word_1_67' title='bbox 1109 946 1236 972; x_wconf 89' lang='lat' dir='ltr'>causa</span> <span class='ocrx_word' id='word_1_68' title='bbox 1265 931 1444 983; x_wconf 87' lang='lat' dir='ltr'>salutis;</span> 
     </span>
     <span class='ocr_line' id='line_1_12' title="bbox 345 999 1823 1052; baseline -0.001 -11"><span class='ocrx_word' id='word_1_69' title='bbox 345 1015 445 1042; x_wconf 87' lang='lat' dir='ltr'>nam</span> <span class='ocrx_word' id='word_1_70' title='bbox 476 999 773 1041; x_wconf 87' lang='lat' dir='ltr'>communibus</span> <span class='ocrx_word' id='word_1_71' title='bbox 802 999 916 1040; x_wconf 90' lang='lat' dir='ltr'>inter</span> <span class='ocrx_word' id='word_1_72' title='bbox 945 1013 990 1041; x_wconf 93' lang='grc'>50</span> <span class='ocrx_word' id='word_1_73' title='bbox 1019 999 1234 1040; x_wconf 84' lang='lat' dir='ltr'>radicibus</span> <span class='ocrx_word' id='word_1_74' title='bbox 1266 1000 1445 1041; x_wconf 87' lang='lat' dir='ltr'>haerent</span> <span class='ocrx_word' id='word_1_75' title='bbox 1743 1007 1823 1052; x_wconf 84' lang='lat'>325</span> 
     </span>
     <span class='ocr_line' id='line_1_13' title="bbox 345 1067 1330 1124; baseline -0.003 -13"><span class='ocrx_word' id='word_1_76' title='bbox 345 1083 423 1111; x_wconf 90' lang='grc'>1100</span> <span class='ocrx_word' id='word_1_77' title='bbox 453 1068 543 1110; x_wconf 87' lang='lat' dir='ltr'>sine</span> <span class='ocrx_word' id='word_1_78' title='bbox 573 1067 759 1124; x_wconf 89' lang='lat' dir='ltr'>pernicie</span> <span class='ocrx_word' id='word_1_79' title='bbox 790 1067 937 1109; x_wconf 89' lang='lat' dir='ltr'>divelli</span> <span class='ocrx_word' id='word_1_80' title='bbox 966 1082 1087 1122; x_wconf 88' lang='lat' dir='ltr'>posse</span> <span class='ocrx_word' id='word_1_81' title='bbox 1118 1067 1330 1108; x_wconf 89' lang='lat' dir='ltr'>videntur.</span> 
     </span>
     <span class='ocr_line' id='line_1_14' title="bbox 347 1135 1453 1194; baseline -0.003 -15"><span class='ocrx_word' id='word_1_82' title='bbox 347 1137 459 1194; x_wconf 91' lang='lat' dir='ltr'>quod</span> <span class='ocrx_word' id='word_1_83' title='bbox 488 1152 624 1194; x_wconf 90' lang='lat' dir='ltr'>genus</span> <span class='ocrx_word' id='word_1_84' title='bbox 654 1151 677 1178; x_wconf 90' lang='grc'>0</span> <span class='ocrx_word' id='word_1_85' title='bbox 709 1136 848 1178; x_wconf 91' lang='lat' dir='ltr'>thuris</span> <span class='ocrx_word' id='word_1_86' title='bbox 878 1135 1041 1192; x_wconf 85' lang='lat' dir='ltr'>glaebis</span> <span class='ocrx_word' id='word_1_87' title='bbox 1072 1136 1252 1177; x_wconf 91' lang='lat' dir='ltr'>evellere</span> <span class='ocrx_word' id='word_1_88' title='bbox 1283 1135 1453 1177; x_wconf 90' lang='lat' dir='ltr'>odorem</span> 
     </span>
     <span class='ocr_line' id='line_1_15' title="bbox 348 1205 1580 1260; baseline -0.001 -12"><span class='ocrx_word' id='word_1_89' title='bbox 348 1206 462 1248; x_wconf 86' lang='lat' dir='ltr'>haud</span> <span class='ocrx_word' id='word_1_90' title='bbox 492 1206 614 1248; x_wconf 84' lang='lat' dir='ltr'>facile</span> <span class='ocrx_word' id='word_1_91' title='bbox 645 1211 712 1247; x_wconf 90' lang='lat' dir='ltr'>est</span> <span class='ocrx_word' id='word_1_92' title='bbox 742 1205 846 1260; x_wconf 91' lang='lat' dir='ltr'>quin</span> <span class='ocrx_word' id='word_1_93' title='bbox 876 1205 1063 1246; x_wconf 85' lang='lat' dir='ltr'>intereat</span> <span class='ocrx_word' id='word_1_94' title='bbox 1095 1211 1250 1246; x_wconf 84' lang='lat' dir='ltr'>natura</span> <span class='ocrx_word' id='word_1_95' title='bbox 1279 1219 1447 1260; x_wconf 91' lang='lat' dir='ltr'>quoque</span> <span class='ocrx_word' id='word_1_96' title='bbox 1479 1205 1580 1247; x_wconf 84' lang='lat' dir='ltr'>eius.</span> 
     </span>
     <span class='ocr_line' id='line_1_16' title="bbox 348 1276 1483 1330; baseline -0.004 -12"><span class='ocrx_word' id='word_1_97' title='bbox 348 1276 407 1319; x_wconf 91' lang='lat' dir='ltr'>sic</span> <span class='ocrx_word' id='word_1_98' title='bbox 437 1276 570 1318; x_wconf 87' lang='lat' dir='ltr'>animi</span> <span class='ocrx_word' id='word_1_99' title='bbox 599 1281 730 1330; x_wconf 89' lang='lat' dir='ltr'>atque</span> <span class='ocrx_word' id='word_1_100' title='bbox 761 1276 929 1317; x_wconf 86' lang='lat' dir='ltr'>animae</span> <span class='ocrx_word' id='word_1_101' title='bbox 960 1281 1159 1316; x_wconf 80' lang='lat' dir='ltr'>naturam</span> <span class='ocrx_word' id='word_1_102' title='bbox 1191 1289 1361 1330; x_wconf 89' lang='lat' dir='ltr'>corpore</span> <span class='ocrx_word' id='word_1_103' title='bbox 1393 1281 1483 1316; x_wconf 86' lang='lat' dir='ltr'>toto</span> 
     </span>
     <span class='ocr_line' id='line_1_17' title="bbox 348 1344 1829 1399; baseline -0.001 -12"><span class='ocrx_word' id='word_1_104' title='bbox 348 1345 570 1388; x_wconf 72' lang='lat' dir='ltr'>extrahere</span> <span class='ocrx_word' id='word_1_105' title='bbox 601 1345 709 1385; x_wconf 88' lang='lat' dir='ltr'>haut</span> <span class='ocrx_word' id='word_1_106' title='bbox 739 1344 861 1385; x_wconf 84' lang='lat' dir='ltr'>facile</span> <span class='ocrx_word' id='word_1_107' title='bbox 892 1349 958 1385; x_wconf 91' lang='lat' dir='ltr'>est</span> <span class='ocrx_word' id='word_1_108' title='bbox 989 1344 1093 1399; x_wconf 91' lang='lat' dir='ltr'>quin</span> <span class='ocrx_word' id='word_1_109' title='bbox 1124 1344 1267 1385; x_wconf 85' lang='lat' dir='ltr'>omnia</span> <span class='ocrx_word' id='word_1_110' title='bbox 1297 1344 1596 1386; x_wconf 87' lang='lat' dir='ltr'>dissoluantur.</span> <span class='ocrx_word' id='word_1_111' title='bbox 1745 1353 1829 1396; x_wconf 86' lang='lat'>330</span> 
     </span>
     <span class='ocr_line' id='line_1_18' title="bbox 347 1411 1316 1468; baseline -0.003 -13"><span class='ocrx_word' id='word_1_112' title='bbox 347 1413 529 1468; x_wconf 82' lang='lat' dir='ltr'>inplexis</span> <span class='ocrx_word' id='word_1_113' title='bbox 558 1413 621 1454; x_wconf 86' lang='lat' dir='ltr'>ita</span> <span class='ocrx_word' id='word_1_114' title='bbox 650 1412 869 1468; x_wconf 89' lang='lat' dir='ltr'>principiis</span> <span class='ocrx_word' id='word_1_115' title='bbox 900 1411 954 1454; x_wconf 90' lang='lat' dir='ltr'>ab</span> <span class='ocrx_word' id='word_1_116' title='bbox 985 1411 1148 1467; x_wconf 85' lang='lat' dir='ltr'>origine</span> <span class='ocrx_word' id='word_1_117' title='bbox 1179 1411 1316 1466; x_wconf 81' lang='lat' dir='ltr'>prima</span> 
     </span>
     <span class='ocr_line' id='line_1_19' title="bbox 348 1480 1248 1536; baseline -0.003 -12"><span class='ocrx_word' id='word_1_118' title='bbox 348 1483 461 1525; x_wconf 88' lang='lat' dir='ltr'>inter</span> <span class='ocrx_word' id='word_1_119' title='bbox 491 1496 535 1523; x_wconf 85' lang='lat' dir='ltr'>se</span> <span class='ocrx_word' id='word_1_120' title='bbox 567 1481 678 1523; x_wconf 90' lang='lat' dir='ltr'>fiunt</span> <span class='ocrx_word' id='word_1_121' title='bbox 709 1481 891 1522; x_wconf 74' lang='lat' dir='ltr'>consorti</span> <span class='ocrx_word' id='word_1_122' title='bbox 921 1481 1118 1536; x_wconf 83' lang='lat' dir='ltr'>praedita</span> <span class='ocrx_word' id='word_1_123' title='bbox 1148 1480 1248 1530; x_wconf 88' lang='lat' dir='ltr'>vita,</span> 
     </span>
     <span class='ocr_line' id='line_1_20' title="bbox 348 1549 1518 1606; baseline -0.003 -13"><span class='ocrx_word' id='word_1_124' title='bbox 348 1566 426 1593; x_wconf 96' lang='grc'>1100</span> <span class='ocrx_word' id='word_1_125' title='bbox 455 1551 537 1592; x_wconf 89' lang='lat' dir='ltr'>sibi</span> <span class='ocrx_word' id='word_1_126' title='bbox 567 1565 760 1606; x_wconf 87' lang='lat' dir='ltr'>quaeque</span> <span class='ocrx_word' id='word_1_127' title='bbox 792 1549 883 1591; x_wconf 88' lang='lat' dir='ltr'>sine</span> <span class='ocrx_word' id='word_1_128' title='bbox 913 1549 1090 1591; x_wconf 83' lang='lat' dir='ltr'>alterius</span> <span class='ocrx_word' id='word_1_129' title='bbox 1122 1550 1163 1590; x_wconf 91' lang='lat' dir='ltr'>vi</span> <span class='ocrx_word' id='word_1_130' title='bbox 1194 1564 1315 1604; x_wconf 82' lang='lat' dir='ltr'>posse</span> <span class='ocrx_word' id='word_1_131' title='bbox 1346 1549 1518 1590; x_wconf 86' lang='lat' dir='ltr'>videtur</span> 
     </span>
     <span class='ocr_line' id='line_1_21' title="bbox 349 1618 1494 1675; baseline -0.003 -13"><span class='ocrx_word' id='word_1_132' title='bbox 349 1620 531 1675; x_wconf 89' lang='lat' dir='ltr'>corporis</span> <span class='ocrx_word' id='word_1_133' title='bbox 561 1626 690 1674; x_wconf 85' lang='lat' dir='ltr'>atque</span> <span class='ocrx_word' id='word_1_134' title='bbox 721 1618 854 1659; x_wconf 87' lang='lat' dir='ltr'>animi</span> <span class='ocrx_word' id='word_1_135' title='bbox 884 1633 1073 1661; x_wconf 85' lang='lat' dir='ltr'>seorsum</span> <span class='ocrx_word' id='word_1_136' title='bbox 1104 1619 1262 1660; x_wconf 88' lang='lat' dir='ltr'>sentire</span> <span class='ocrx_word' id='word_1_137' title='bbox 1294 1623 1494 1673; x_wconf 87' lang='lat' dir='ltr'>potestas,</span> 
     </span>
     <span class='ocr_line' id='line_1_22' title="bbox 349 1687 1827 1743; baseline -0.003 -11"><span class='ocrx_word' id='word_1_138' title='bbox 349 1689 423 1732; x_wconf 90' lang='lat' dir='ltr'>sed</span> <span class='ocrx_word' id='word_1_139' title='bbox 453 1688 750 1731; x_wconf 88' lang='lat' dir='ltr'>communibus</span> <span class='ocrx_word' id='word_1_140' title='bbox 779 1688 894 1729; x_wconf 91' lang='lat' dir='ltr'>inter</span> <span class='ocrx_word' id='word_1_141' title='bbox 924 1702 994 1729; x_wconf 87' lang='lat' dir='ltr'>eas</span> <span class='ocrx_word' id='word_1_142' title='bbox 1024 1688 1234 1729; x_wconf 87' lang='lat' dir='ltr'>conflatur</span> <span class='ocrx_word' id='word_1_143' title='bbox 1264 1687 1483 1743; x_wconf 88' lang='lat' dir='ltr'>utrimque</span> <span class='ocrx_word' id='word_1_144' title='bbox 1748 1696 1827 1740; x_wconf 84' lang='lat'>335</span> 
     </span>
     <span class='ocr_line' id='line_1_23' title="bbox 350 1756 1402 1812; baseline 0 -13"><span class='ocrx_word' id='word_1_145' title='bbox 350 1758 537 1800; x_wconf 89' lang='lat' dir='ltr'>motibus</span> <span class='ocrx_word' id='word_1_146' title='bbox 568 1771 769 1798; x_wconf 80' lang='lat' dir='ltr'>accensus</span> <span class='ocrx_word' id='word_1_147' title='bbox 798 1756 920 1798; x_wconf 90' lang='lat' dir='ltr'>nobis</span> <span class='ocrx_word' id='word_1_148' title='bbox 950 1771 1025 1812; x_wconf 85' lang='lat' dir='ltr'>per</span> <span class='ocrx_word' id='word_1_149' title='bbox 1054 1757 1215 1798; x_wconf 87' lang='lat' dir='ltr'>viscera</span> <span class='ocrx_word' id='word_1_150' title='bbox 1244 1771 1402 1799; x_wconf 86' lang='lat' dir='ltr'>sensus.</span> 
     </span>
     <span class='ocr_line' id='line_1_24' title="bbox 350 1825 1492 1882; baseline -0.002 -15"><span class='ocrx_word' id='word_1_151' title='bbox 350 1832 568 1882; x_wconf 84' lang='lat' dir='ltr'>praeterea</span> <span class='ocrx_word' id='word_1_152' title='bbox 598 1839 748 1879; x_wconf 88' lang='lat' dir='ltr'>corpus</span> <span class='ocrx_word' id='word_1_153' title='bbox 777 1839 853 1880; x_wconf 91' lang='lat' dir='ltr'>per</span> <span class='ocrx_word' id='word_1_154' title='bbox 883 1839 927 1866; x_wconf 91' lang='lat' dir='ltr'>se</span> <span class='ocrx_word' id='word_1_155' title='bbox 958 1839 1036 1866; x_wconf 90' lang='lat' dir='ltr'>nec</span> <span class='ocrx_word' id='word_1_156' title='bbox 1065 1825 1258 1881; x_wconf 85' lang='lat' dir='ltr'>gignitur</span> <span class='ocrx_word' id='word_1_157' title='bbox 1288 1839 1492 1879; x_wconf 88' lang='lat' dir='ltr'>umquam</span> 
     </span>
     <span class='ocr_line' id='line_1_25' title="bbox 351 1892 1512 1949; baseline -0.003 -13"><span class='ocrx_word' id='word_1_158' title='bbox 351 1909 428 1936; x_wconf 91' lang='lat' dir='ltr'>nec</span> <span class='ocrx_word' id='word_1_159' title='bbox 458 1894 607 1936; x_wconf 90' lang='lat' dir='ltr'>crescit</span> <span class='ocrx_word' id='word_1_160' title='bbox 637 1908 777 1949; x_wconf 91' lang='lat' dir='ltr'>neque</span> <span class='ocrx_word' id='word_1_161' title='bbox 807 1899 906 1948; x_wconf 90' lang='lat' dir='ltr'>post</span> <span class='ocrx_word' id='word_1_162' title='bbox 937 1899 1119 1934; x_wconf 89' lang='lat' dir='ltr'>mortem</span> <span class='ocrx_word' id='word_1_163' title='bbox 1151 1893 1302 1934; x_wconf 86' lang='lat' dir='ltr'>durare</span> <span class='ocrx_word' id='word_1_164' title='bbox 1333 1892 1512 1934; x_wconf 89' lang='lat' dir='ltr'>videtur.</span> 
     </span>
     <span class='ocr_line' id='line_1_26' title="bbox 352 1961 1594 2017; baseline -0.002 -13"><span class='ocrx_word' id='word_1_165' title='bbox 352 1977 437 2004; x_wconf 89' lang='lat' dir='ltr'>non</span> <span class='ocrx_word' id='word_1_166' title='bbox 467 1963 592 2011; x_wconf 90' lang='lat' dir='ltr'>enim,</span> <span class='ocrx_word' id='word_1_167' title='bbox 623 1968 673 2003; x_wconf 92' lang='lat' dir='ltr'>ut</span> <span class='ocrx_word' id='word_1_168' title='bbox 704 1977 826 2003; x_wconf 93' lang='lat' dir='ltr'>umor</span> <span class='ocrx_word' id='word_1_169' title='bbox 856 1976 991 2017; x_wconf 84' lang='lat' dir='ltr'>aquae</span> <span class='ocrx_word' id='word_1_170' title='bbox 1022 1961 1208 2003; x_wconf 86' lang='lat' dir='ltr'>dimittit</span> <span class='ocrx_word' id='word_1_171' title='bbox 1239 1975 1363 2016; x_wconf 89' lang='lat' dir='ltr'>saepe</span> <span class='ocrx_word' id='word_1_172' title='bbox 1394 1976 1594 2016; x_wconf 87' lang='lat' dir='ltr'>vaporem</span> 
     </span>
     <span class='ocr_line' id='line_1_27' title="bbox 353 2029 1833 2086; baseline -0.001 -14"><span class='ocrx_word' id='word_1_173' title='bbox 353 2030 426 2086; x_wconf 91' lang='lat' dir='ltr'>qui</span> <span class='ocrx_word' id='word_1_174' title='bbox 456 2030 582 2072; x_wconf 88' lang='lat' dir='ltr'>datus</span> <span class='ocrx_word' id='word_1_175' title='bbox 614 2035 690 2079; x_wconf 88' lang='lat' dir='ltr'>est,</span> <span class='ocrx_word' id='word_1_176' title='bbox 720 2044 860 2085; x_wconf 89' lang='lat' dir='ltr'>neque</span> <span class='ocrx_word' id='word_1_177' title='bbox 891 2044 942 2071; x_wconf 85' lang='lat' dir='ltr'>ea</span> <span class='ocrx_word' id='word_1_178' title='bbox 971 2044 1100 2071; x_wconf 89' lang='lat' dir='ltr'>causa</span> <span class='ocrx_word' id='word_1_179' title='bbox 1129 2029 1383 2070; x_wconf 88' lang='lat' dir='ltr'>convellitur</span> <span class='ocrx_word' id='word_1_180' title='bbox 1412 2029 1514 2083; x_wconf 91' lang='lat' dir='ltr'>ipse,</span> <span class='ocrx_word' id='word_1_181' title='bbox 1749 2039 1833 2082; x_wconf 83' lang='lat'>340</span> 
     </span>
     <span class='ocr_line' id='line_1_28' title="bbox 354 2097 1500 2153; baseline -0.003 -12"><span class='ocrx_word' id='word_1_182' title='bbox 354 2099 428 2141; x_wconf 89' lang='lat' dir='ltr'>sed</span> <span class='ocrx_word' id='word_1_183' title='bbox 458 2104 604 2140; x_wconf 85' lang='lat' dir='ltr'>manet</span> <span class='ocrx_word' id='word_1_184' title='bbox 635 2098 871 2148; x_wconf 88' lang='lat' dir='ltr'>incolumis,</span> <span class='ocrx_word' id='word_1_185' title='bbox 901 2113 1000 2148; x_wconf 88' lang='lat' dir='ltr'>non,</span> <span class='ocrx_word' id='word_1_186' title='bbox 1032 2098 1220 2153; x_wconf 87' lang='lat' dir='ltr'>inquam,</span> <span class='ocrx_word' id='word_1_187' title='bbox 1251 2098 1311 2138; x_wconf 90' lang='lat' dir='ltr'>sic</span> <span class='ocrx_word' id='word_1_188' title='bbox 1341 2097 1500 2138; x_wconf 85' lang='lat' dir='ltr'>animai</span> 
     </span>
     <span class='ocr_line' id='line_1_29' title="bbox 354 2166 1329 2221; baseline -0.003 -12"><span class='ocrx_word' id='word_1_189' title='bbox 354 2166 578 2209; x_wconf 83' lang='lat' dir='ltr'>discidium</span> <span class='ocrx_word' id='word_1_190' title='bbox 609 2172 786 2221; x_wconf 87' lang='lat' dir='ltr'>possunt</span> <span class='ocrx_word' id='word_1_191' title='bbox 815 2172 935 2207; x_wconf 87' lang='lat' dir='ltr'>artus</span> <span class='ocrx_word' id='word_1_192' title='bbox 965 2166 1150 2221; x_wconf 90' lang='lat' dir='ltr'>perferre</span> <span class='ocrx_word' id='word_1_193' title='bbox 1180 2166 1329 2214; x_wconf 88' lang='lat' dir='ltr'>relicti,</span> 
     </span>
     <span class='ocr_line' id='line_1_30' title="bbox 355 2235 1556 2290; baseline -0.002 -12"><span class='ocrx_word' id='word_1_194' title='bbox 355 2235 430 2278; x_wconf 86' lang='lat' dir='ltr'>sed</span> <span class='ocrx_word' id='word_1_195' title='bbox 459 2236 631 2290; x_wconf 89' lang='lat' dir='ltr'>penitus</span> <span class='ocrx_word' id='word_1_196' title='bbox 661 2241 844 2290; x_wconf 89' lang='lat' dir='ltr'>pereunt</span> <span class='ocrx_word' id='word_1_197' title='bbox 874 2235 1063 2276; x_wconf 90' lang='lat' dir='ltr'>convulsi</span> <span class='ocrx_word' id='word_1_198' title='bbox 1094 2249 1256 2290; x_wconf 88' lang='lat' dir='ltr'>conque</span> <span class='ocrx_word' id='word_1_199' title='bbox 1290 2238 1556 2289; x_wconf 82' lang='lat' dir='ltr'>putrescunt.</span> 
     </span>
     <span class='ocr_line' id='line_1_31' title="bbox 356 2302 1403 2358; baseline -0.003 -12"><span class='ocrx_word' id='word_1_200' title='bbox 356 2319 407 2346; x_wconf 91' lang='lat' dir='ltr'>ex</span> <span class='ocrx_word' id='word_1_201' title='bbox 437 2305 614 2345; x_wconf 89' lang='lat' dir='ltr'>ineunte</span> <span class='ocrx_word' id='word_1_202' title='bbox 645 2318 747 2345; x_wconf 88' lang='lat' dir='ltr'>aevo</span> <span class='ocrx_word' id='word_1_203' title='bbox 778 2303 838 2344; x_wconf 92' lang='lat' dir='ltr'>sic</span> <span class='ocrx_word' id='word_1_204' title='bbox 869 2303 1052 2358; x_wconf 85' lang='lat' dir='ltr'>corporis</span> <span class='ocrx_word' id='word_1_205' title='bbox 1082 2309 1211 2358; x_wconf 86' lang='lat' dir='ltr'>atque</span> <span class='ocrx_word' id='word_1_206' title='bbox 1243 2302 1403 2343; x_wconf 88' lang='lat' dir='ltr'>animai</span> 
     </span>
     <span class='ocr_line' id='line_1_32' title="bbox 356 2371 1830 2427; baseline -0.002 -14"><span class='ocrx_word' id='word_1_207' title='bbox 356 2378 510 2414; x_wconf 90' lang='lat' dir='ltr'>mutua</span> <span class='ocrx_word' id='word_1_208' title='bbox 538 2371 681 2413; x_wconf 86' lang='lat' dir='ltr'>vitalis</span> <span class='ocrx_word' id='word_1_209' title='bbox 711 2371 881 2412; x_wconf 86' lang='lat' dir='ltr'>discunt</span> <span class='ocrx_word' id='word_1_210' title='bbox 913 2371 1110 2427; x_wconf 86' lang='lat' dir='ltr'>contagia</span> <span class='ocrx_word' id='word_1_211' title='bbox 1140 2377 1282 2412; x_wconf 87' lang='lat' dir='ltr'>motus</span> <span class='ocrx_word' id='word_1_212' title='bbox 1751 2378 1830 2422; x_wconf 85' lang='lat'>345</span> 
     </span>
     <span class='ocr_line' id='line_1_33' title="bbox 357 2439 1380 2493; baseline -0.002 -12"><span class='ocrx_word' id='word_1_213' title='bbox 357 2441 561 2481; x_wconf 88' lang='lat' dir='ltr'>maternis</span> <span class='ocrx_word' id='word_1_214' title='bbox 591 2440 722 2481; x_wconf 90' lang='lat' dir='ltr'>etiam</span> <span class='ocrx_word' id='word_1_215' title='bbox 753 2439 956 2480; x_wconf 87' lang='lat' dir='ltr'>membris</span> <span class='ocrx_word' id='word_1_216' title='bbox 985 2439 1165 2493; x_wconf 84' lang='lat' dir='ltr'>alvoque</span> <span class='ocrx_word' id='word_1_217' title='bbox 1196 2444 1380 2493; x_wconf 86' lang='lat' dir='ltr'>reposta,</span> 
     </span>
     <span class='ocr_line' id='line_1_34' title="bbox 358 2506 1521 2563; baseline -0.003 -13"><span class='ocrx_word' id='word_1_218' title='bbox 358 2508 582 2550; x_wconf 81' lang='lat' dir='ltr'>discidium</span> <span class='ocrx_word' id='word_1_219' title='bbox 613 2513 658 2550; x_wconf 74' lang='lat' dir='ltr'>ut</span> <span class='ocrx_word' id='word_1_220' title='bbox 687 2513 874 2563; x_wconf 89' lang='lat' dir='ltr'>nequeat</span> <span class='ocrx_word' id='word_1_221' title='bbox 903 2507 995 2548; x_wconf 90' lang='lat' dir='ltr'>fieri</span> <span class='ocrx_word' id='word_1_222' title='bbox 1026 2507 1117 2548; x_wconf 86' lang='lat' dir='ltr'>sine</span> <span class='ocrx_word' id='word_1_223' title='bbox 1147 2512 1269 2562; x_wconf 89' lang='lat' dir='ltr'>peste</span> <span class='ocrx_word' id='word_1_224' title='bbox 1300 2506 1521 2561; x_wconf 86' lang='lat' dir='ltr'>maloque3</span> 
     </span>
    </p>
   </div>
   <div class='ocr_carea' id='block_1_3' title="bbox 244 2622 1840 2990">
    <p class='ocr_par' dir='ltr' id='par_1_3' title="bbox 244 2622 1840 2990">
     <span class='ocr_line' id='line_1_35' title="bbox 244 2622 1836 2665; baseline -0.001 -7"><span class='ocrx_word' id='word_1_225' title='bbox 244 2627 312 2665; x_wconf 85' lang='lat' dir='ltr'>AB,</span> <span class='ocrx_word' id='word_1_226' title='bbox 329 2626 438 2658; x_wconf 80' lang='lat' dir='ltr'>which</span> <span class='ocrx_word' id='word_1_227' title='bbox 453 2626 552 2657; x_wconf 86' lang='lat' dir='ltr'>Lucr.</span> <span class='ocrx_word' id='word_1_228' title='bbox 574 2635 653 2665; x_wconf 81' lang='lat' dir='ltr'>may</span> <span class='ocrx_word' id='word_1_229' title='bbox 668 2625 755 2657; x_wconf 82' lang='lat' dir='ltr'>have</span> <span class='ocrx_word' id='word_1_230' title='bbox 771 2625 926 2657; x_wconf 82' lang='lat' dir='ltr'>written:</span> <span class='ocrx_word' id='word_1_231' title='bbox 951 2635 989 2656; x_wconf 92' lang='lat' dir='ltr'>so</span> <span class='ocrx_word' id='word_1_232' title='bbox 1011 2626 1097 2665; x_wconf 83' lang='lat' dir='ltr'>quod</span> <span class='ocrx_word' id='word_1_233' title='bbox 1112 2626 1163 2656; x_wconf 80' lang='lat' dir='ltr'>vis</span> <span class='ocrx_word' id='word_1_234' title='bbox 1183 2625 1241 2656; x_wconf 92' lang='lat' dir='ltr'>AB</span> <span class='ocrx_word' id='word_1_235' title='bbox 1262 2624 1300 2656; x_wconf 91' lang='lat' dir='ltr'>in</span> <span class='ocrx_word' id='word_1_236' title='bbox 1323 2625 1427 2657; x_wconf 79' lang='lat'>1090:</span> <span class='ocrx_word' id='word_1_237' title='bbox 1452 2624 1626 2664; x_wconf 77' lang='lat' dir='ltr'>Augustus</span> <span class='ocrx_word' id='word_1_238' title='bbox 1648 2623 1684 2654; x_wconf 82' lang='lat' dir='ltr'>in</span> <span class='ocrx_word' id='word_1_239' title='bbox 1704 2622 1760 2654; x_wconf 82' lang='lat' dir='ltr'>his</span> <span class='ocrx_word' id='word_1_240' title='bbox 1781 2632 1836 2656; x_wconf 80' lang='lat' dir='ltr'>res</span> 
     </span>
     <span class='ocr_line' id='line_1_36' title="bbox 245 2677 1837 2721; baseline -0.002 -8"><span class='ocrx_word' id='word_1_241' title='bbox 245 2684 358 2721; x_wconf 80' lang='lat' dir='ltr'>gestae</span> <span class='ocrx_word' id='word_1_242' title='bbox 373 2679 485 2711; x_wconf 84' lang='lat' dir='ltr'>writes</span> <span class='ocrx_word' id='word_1_243' title='bbox 501 2680 659 2719; x_wconf 80' lang='lat' dir='ltr'>aliquod3</span> <span class='ocrx_word' id='word_1_244' title='bbox 683 2688 720 2710; x_wconf 83' lang='lat' dir='ltr'>as</span> <span class='ocrx_word' id='word_1_245' title='bbox 735 2679 815 2710; x_wconf 87' lang='lat' dir='ltr'>does</span> <span class='ocrx_word' id='word_1_246' title='bbox 835 2679 864 2709; x_wconf 92' lang='lat' dir='ltr'>B</span> <span class='ocrx_word' id='word_1_247' title='bbox 885 2679 922 2710; x_wconf 88' lang='lat' dir='ltr'>in</span> <span class='ocrx_word' id='word_1_248' title='bbox 937 2689 972 2710; x_wconf 83' lang='lat' dir='ltr'>VI</span> <span class='ocrx_word' id='word_1_249' title='bbox 994 2679 1076 2712; x_wconf 87' lang='lat'><strong>317:</strong></span> <span class='ocrx_word' id='word_1_250' title='bbox 1101 2680 1209 2719; x_wconf 79' lang='lat' dir='ltr'>capud</span> <span class='ocrx_word' id='word_1_251' title='bbox 1229 2679 1258 2709; x_wconf 91' lang='lat' dir='ltr'><strong>A</strong></span> <span class='ocrx_word' id='word_1_252' title='bbox 1280 2688 1318 2709; x_wconf 90' lang='lat' dir='ltr'>or</span> <span class='ocrx_word' id='word_1_253' title='bbox 1339 2678 1366 2708; x_wconf 92' lang='lat' dir='ltr'>B</span> <span class='ocrx_word' id='word_1_254' title='bbox 1388 2677 1592 2717; x_wconf 84' lang='lat' dir='ltr'>repeatedly.</span> <span class='ocrx_word' id='word_1_255' title='bbox 1638 2677 1701 2709; x_wconf 88' lang='lat'>319</span> <span class='ocrx_word' id='word_1_256' title='bbox 1721 2677 1837 2710; x_wconf 79' lang='lat' dir='ltr'>videor</span> 
     </span>
     <span class='ocr_line' id='line_1_37' title="bbox 245 2731 1835 2773; baseline -0.003 -7"><span class='ocrx_word' id='word_1_257' title='bbox 245 2735 354 2767; x_wconf 85' lang='lat' dir='ltr'>Faber</span> <span class='ocrx_word' id='word_1_258' title='bbox 370 2735 421 2766; x_wconf 77' lang='lat' dir='ltr'>for</span> <span class='ocrx_word' id='word_1_259' title='bbox 436 2735 543 2765; x_wconf 78' lang='lat' dir='ltr'>video.</span> <span class='ocrx_word' id='word_1_260' title='bbox 580 2734 718 2773; x_wconf 81' lang='lat' dir='ltr'>firmare</span> <span class='ocrx_word' id='word_1_261' title='bbox 735 2733 811 2764; x_wconf 86' lang='lat' dir='ltr'>Ver.</span> <span class='ocrx_word' id='word_1_262' title='bbox 828 2733 913 2764; x_wconf 86' lang='lat' dir='ltr'>Ven.</span> <span class='ocrx_word' id='word_1_263' title='bbox 929 2732 981 2764; x_wconf 84' lang='lat' dir='ltr'>for</span> <span class='ocrx_word' id='word_1_264' title='bbox 990 2733 1148 2773; x_wconf 81' lang='lat' dir='ltr'>formare.</span> <span class='ocrx_word' id='word_1_265' title='bbox 1195 2733 1256 2763; x_wconf 86' lang='lat'>321</span> <span class='ocrx_word' id='word_1_266' title='bbox 1273 2733 1364 2763; x_wconf 83' lang='lat' dir='ltr'>nobis</span> <span class='ocrx_word' id='word_1_267' title='bbox 1380 2731 1485 2762; x_wconf 85' lang='lat' dir='ltr'>Lach.</span> <span class='ocrx_word' id='word_1_268' title='bbox 1502 2731 1554 2762; x_wconf 86' lang='lat' dir='ltr'>for</span> <span class='ocrx_word' id='word_1_269' title='bbox 1569 2731 1684 2762; x_wconf 80' lang='lat' dir='ltr'>noctis.</span> <span class='ocrx_word' id='word_1_270' title='bbox 1735 2731 1835 2763; x_wconf 78' lang='lat' dir='ltr'>dictis</span> 
     </span>
     <span class='ocr_line' id='line_1_38' title="bbox 246 2784 1837 2824; baseline -0.002 -5"><span class='ocrx_word' id='word_1_271' title='bbox 246 2788 332 2820; x_wconf 87' lang='lat' dir='ltr'>Mar.</span> <span class='ocrx_word' id='word_1_272' title='bbox 345 2787 421 2819; x_wconf 80' lang='lat' dir='ltr'>Ald.</span> <span class='ocrx_word' id='word_1_273' title='bbox 436 2788 453 2817; x_wconf 93' lang='lat'>1</span> <span class='ocrx_word' id='word_1_274' title='bbox 470 2786 566 2817; x_wconf 86' lang='lat' dir='ltr'>Junt.</span> <span class='ocrx_word' id='word_1_275' title='bbox 578 2785 697 2817; x_wconf 77' lang='lat' dir='ltr'>Lamb.</span> <span class='ocrx_word' id='word_1_276' title='bbox 711 2785 762 2818; x_wconf 84' lang='lat' dir='ltr'>ed.</span> <span class='ocrx_word' id='word_1_277' title='bbox 780 2787 797 2816; x_wconf 91' lang='lat'>1</span> <span class='ocrx_word' id='word_1_278' title='bbox 810 2785 880 2817; x_wconf 83' lang='lat' dir='ltr'>and</span> <span class='ocrx_word' id='word_1_279' title='bbox 896 2787 927 2818; x_wconf 84' lang='lat'>2.</span> <span class='ocrx_word' id='word_1_280' title='bbox 965 2786 1069 2817; x_wconf 79' lang='lat' dir='ltr'>doctis</span> <span class='ocrx_word' id='word_1_281' title='bbox 1084 2785 1204 2816; x_wconf 88' lang='lat' dir='ltr'>Lamb.</span> <span class='ocrx_word' id='word_1_282' title='bbox 1219 2785 1270 2816; x_wconf 83' lang='lat' dir='ltr'>ed.</span> <span class='ocrx_word' id='word_1_283' title='bbox 1285 2786 1316 2816; x_wconf 88' lang='lat'><strong>3.</strong></span> <span class='ocrx_word' id='word_1_284' title='bbox 1398 2785 1461 2815; x_wconf 85' lang='lat'><strong>332</strong></span> <span class='ocrx_word' id='word_1_285' title='bbox 1468 2785 1561 2824; x_wconf 82' lang='lat' dir='ltr'>fiunt</span> <span class='ocrx_word' id='word_1_286' title='bbox 1577 2784 1837 2816; x_wconf 78' lang='lat' dir='ltr'>consorti...vita</span> 
     </span>
     <span class='ocr_line' id='line_1_39' title="bbox 247 2837 1837 2881; baseline -0.002 -8"><span class='ocrx_word' id='word_1_287' title='bbox 247 2843 331 2874; x_wconf 87' lang='lat' dir='ltr'>Mar.</span> <span class='ocrx_word' id='word_1_288' title='bbox 348 2842 444 2873; x_wconf 84' lang='lat' dir='ltr'>Junt.</span> <span class='ocrx_word' id='word_1_289' title='bbox 462 2841 514 2872; x_wconf 87' lang='lat' dir='ltr'>for</span> <span class='ocrx_word' id='word_1_290' title='bbox 529 2842 670 2872; x_wconf 77' lang='lat' dir='ltr'>consorti</span> <span class='ocrx_word' id='word_1_291' title='bbox 685 2841 920 2881; x_wconf 74' lang='lat' dir='ltr'>fiunt...vz&#39;tae.</span> <span class='ocrx_word' id='word_1_292' title='bbox 1052 2841 1113 2871; x_wconf 87' lang='lat'>333</span> <span class='ocrx_word' id='word_1_293' title='bbox 1130 2840 1259 2880; x_wconf 85' lang='lat' dir='ltr'>though</span> <span class='ocrx_word' id='word_1_294' title='bbox 1280 2839 1401 2876; x_wconf 85' lang='lat' dir='ltr'>sound,</span> <span class='ocrx_word' id='word_1_295' title='bbox 1418 2839 1447 2870; x_wconf 84' lang='lat' dir='ltr'>is</span> <span class='ocrx_word' id='word_1_296' title='bbox 1469 2837 1574 2870; x_wconf 82' lang='lat' dir='ltr'>much</span> <span class='ocrx_word' id='word_1_297' title='bbox 1594 2837 1773 2878; x_wconf 85' lang='lat' dir='ltr'>corrupted</span> <span class='ocrx_word' id='word_1_298' title='bbox 1793 2838 1837 2878; x_wconf 83' lang='lat' dir='ltr'>by</span> 
     </span>
     <span class='ocr_line' id='line_1_40' title="bbox 249 2890 1840 2934; baseline -0.003 -8"><span class='ocrx_word' id='word_1_299' title='bbox 249 2895 333 2926; x_wconf 85' lang='lat' dir='ltr'>Mar.</span> <span class='ocrx_word' id='word_1_300' title='bbox 350 2895 448 2927; x_wconf 87' lang='lat' dir='ltr'>Junt.</span> <span class='ocrx_word' id='word_1_301' title='bbox 464 2893 584 2925; x_wconf 84' lang='lat' dir='ltr'>Lamb.</span> <span class='ocrx_word' id='word_1_302' title='bbox 601 2893 690 2934; x_wconf 85' lang='lat' dir='ltr'>vulg.</span> <span class='ocrx_word' id='word_1_303' title='bbox 784 2895 846 2925; x_wconf 88' lang='lat'>335</span> <span class='ocrx_word' id='word_1_304' title='bbox 863 2903 917 2925; x_wconf 77' lang='lat' dir='ltr'>eas</span> <span class='ocrx_word' id='word_1_305' title='bbox 933 2893 1038 2925; x_wconf 84' lang='lat' dir='ltr'>Lach.</span> <span class='ocrx_word' id='word_1_306' title='bbox 1055 2893 1108 2924; x_wconf 86' lang='lat' dir='ltr'>for</span> <span class='ocrx_word' id='word_1_307' title='bbox 1122 2904 1193 2932; x_wconf 82' lang='lat' dir='ltr'>eos3</span> <span class='ocrx_word' id='word_1_308' title='bbox 1218 2903 1255 2924; x_wconf 86' lang='lat' dir='ltr'>as</span> <span class='ocrx_word' id='word_1_309' title='bbox 1272 2903 1323 2924; x_wconf 81' lang='lat' dir='ltr'>eos</span> <span class='ocrx_word' id='word_1_310' title='bbox 1338 2893 1368 2924; x_wconf 84' lang='lat' dir='ltr'>is</span> <span class='ocrx_word' id='word_1_311' title='bbox 1385 2895 1544 2932; x_wconf 82' lang='lat' dir='ltr'>contrary</span> <span class='ocrx_word' id='word_1_312' title='bbox 1558 2893 1595 2923; x_wconf 79' lang='lat' dir='ltr'>to</span> <span class='ocrx_word' id='word_1_313' title='bbox 1610 2890 1669 2922; x_wconf 76' lang='lat' dir='ltr'>the</span> <span class='ocrx_word' id='word_1_314' title='bbox 1684 2900 1786 2931; x_wconf 82' lang='lat' dir='ltr'>usage</span> <span class='ocrx_word' id='word_1_315' title='bbox 1801 2891 1840 2923; x_wconf 83' lang='lat' dir='ltr'>of</span> 
     </span>
     <span class='ocr_line' id='line_1_41' title="bbox 247 2945 1837 2990; baseline -0.002 -10"><span class='ocrx_word' id='word_1_316' title='bbox 247 2950 346 2982; x_wconf 83' lang='lat' dir='ltr'>Lucr.</span> <span class='ocrx_word' id='word_1_317' title='bbox 455 2948 518 2981; x_wconf 85' lang='lat'>346</span> <span class='ocrx_word' id='word_1_318' title='bbox 540 2954 672 2990; x_wconf 80' lang='lat' dir='ltr'>reposta</span> <span class='ocrx_word' id='word_1_319' title='bbox 692 2948 820 2980; x_wconf 85' lang='lat' dir='ltr'>Avanc.</span> <span class='ocrx_word' id='word_1_320' title='bbox 845 2949 896 2980; x_wconf 84' lang='lat' dir='ltr'>for</span> <span class='ocrx_word' id='word_1_321' title='bbox 919 2952 1056 2989; x_wconf 75' lang='lat' dir='ltr'>reposto.</span> <span class='ocrx_word' id='word_1_322' title='bbox 1101 2950 1222 2989; x_wconf 76' lang='lat' dir='ltr'>reposti</span> <span class='ocrx_word' id='word_1_323' title='bbox 1245 2947 1329 2980; x_wconf 87' lang='lat' dir='ltr'>Mar.</span> <span class='ocrx_word' id='word_1_324' title='bbox 1357 2947 1454 2978; x_wconf 87' lang='lat' dir='ltr'>Junt.</span> <span class='ocrx_word' id='word_1_325' title='bbox 1478 2945 1621 2978; x_wconf 79' lang='lat' dir='ltr'>without</span> <span class='ocrx_word' id='word_1_326' title='bbox 1645 2955 1743 2977; x_wconf 86' lang='lat' dir='ltr'>sense</span> <span class='ocrx_word' id='word_1_327' title='bbox 1775 2947 1837 2978; x_wconf 83' lang='lat' dir='ltr'>not</span> 
     </span>
    </p>
   </div>
  </div>
 </body>
</html>
