1997 3267
195 205 280 257 256
972 200 1038 243 VI

370 309 466 351 Hoc
497 308 630 350 etiam
661 313 788 363 pacto
819 306 986 348 tonitru
1018 321 1222 348 concussa
1255 305 1460 348 videntur

311 377 457 420 omnia
487 391 614 432 saepe
646 376 767 433 gravi
800 381 985 417 tremere
1017 380 1062 417 et
1092 375 1256 416 divolsa
1285 380 1464 431 repente

312 447 504 488 maxima
533 445 771 488 dissiluisse
802 444 970 500 capacis
1000 444 1172 486 moenia
1201 444 1367 494 mundi,

311 531 410 559 cum
442 515 587 558 subito
618 514 749 556 validi
781 514 901 556 venti
934 513 1128 555 conlecta
1157 513 1344 569 procella

312 585 502 628 nubibus
533 584 706 626 intorsit
737 597 829 625 sese
861 582 1145 638 conclusaque
1176 581 1338 624 ibidem
1733 590 1809 635 125

312 654 487 697 turbine
519 652 710 696 versanti
742 651 881 709 magis
911 666 961 693 ac
992 651 1131 708 magis
1162 651 1354 707 undique
1385 651 1548 693 nubem

313 725 428 780 cogit
459 724 526 766 uti
557 723 635 765 fiat
666 722 802 778 spisso
833 735 937 763 cava
967 735 1140 777 corpore
1171 720 1344 769 circum,

314 799 413 850 post
446 793 522 834 ubi
553 791 795 834 conminuit
826 790 891 832 vis
922 790 1016 832 eius
1047 796 1091 832 et
1123 790 1313 845 impetus
1343 804 1452 840 acer,

314 869 411 905 tum
443 861 752 919 perterricrepo
783 861 928 902 sonitu
961 859 1036 902 dat
1068 859 1198 901 scissa
1228 859 1450 916 fragorem.

314 947 394 975 nec
427 933 595 982 mirum,
627 946 725 973 cum
758 930 886 987 plena
916 930 1085 972 animae
1116 929 1336 971 vensicula
1365 943 1497 985 parva
1735 938 1817 982 130

315 1017 443 1058 saepe
475 1002 538 1043 ita
569 1001 645 1043 dat
676 1006 850 1042 torvum
882 999 1073 1041 sonitum
1105 998 1292 1054 displosa
1321 1004 1511 1054 repente.

375 1072 454 1113 Est
485 1070 617 1113 etiam
650 1070 771 1119 ratio,
803 1084 900 1111 cum
933 1068 1054 1110 venti
1084 1068 1236 1109 nubila
1265 1067 1466 1123 perflant,

315 1146 367 1183 ut
398 1140 564 1182 sonitus
596 1139 767 1181 faciant.
809 1138 970 1180 etenim
1003 1152 1171 1179 ramosa
1201 1137 1398 1178 videmus

316 1209 468 1252 nubila
498 1223 625 1265 saepe
657 1207 796 1249 modis
827 1206 976 1248 multis
1007 1212 1139 1262 atque
1172 1220 1324 1262 aspera
1356 1204 1480 1256 ferri3

318 1279 482 1321 scilicet
514 1284 576 1327 ut,
608 1276 799 1319 crebram
833 1276 987 1317 silvam
1021 1290 1119 1317 cum
1151 1275 1328 1316 flamina
1358 1274 1475 1316 cauri
1736 1281 1812 1327 135

317 1348 515 1405 perflant,
545 1346 652 1388 dant
683 1345 874 1387 sonitum
906 1344 1076 1386 frondes
1107 1344 1301 1399 ramique
1334 1343 1556 1399 fragorem.

319 1418 370 1460 fit
401 1431 572 1474 quoque
603 1422 654 1458 ut
685 1415 904 1457 interdum
940 1413 1069 1455 validi
1102 1413 1166 1454 vis
1198 1413 1332 1455 incita
1363 1412 1483 1454 venti

318 1487 565 1544 perscindat
596 1485 756 1528 nubem
789 1484 1058 1541 perfringens
1090 1484 1252 1539 impete
1283 1489 1410 1525 recto.

319 1572 421 1599 nam
453 1556 559 1612 quid
590 1555 726 1612 possit
758 1555 819 1596 ibi
850 1555 980 1596 flatus
1011 1554 1242 1595 manifesta
1271 1553 1396 1594 docet
1428 1566 1506 1601 res,

319 1626 400 1676 hic,
431 1625 507 1668 ubi
539 1625 674 1667 lenior
705 1631 782 1675 est,
816 1624 860 1666 in
891 1632 1007 1666 terra
1039 1639 1136 1665 cum
1169 1630 1316 1665 tamen
1347 1623 1438 1665 alta
1738 1632 1819 1676 140

321 1696 499 1737 arbusta
531 1694 730 1736 evolvens
761 1693 976 1735 radicibus
1008 1692 1154 1734 haurit
1184 1692 1239 1734 ab
1270 1693 1379 1734 imis.

321 1771 424 1806 sunt
456 1764 588 1806 etiam
622 1763 780 1805 fluctus
811 1778 888 1818 pcr
919 1762 1080 1812 nubila,
1112 1762 1187 1818 qui
1217 1761 1341 1818 quasi
1373 1776 1568 1803 murmur

322 1834 429 1875 dant
460 1833 504 1874 in
539 1831 773 1887 frangendo
803 1831 1016 1887 graviter余
1057 1831 1171 1887 quod
1202 1830 1309 1872 item
1340 1830 1390 1872 fit
1421 1831 1467 1872 in
1496 1830 1598 1872 altis

323 1903 575 1946 fluminibus
606 1916 848 1958 magnoque
879 1901 1000 1951 mari,
1031 1915 1129 1943 cum
1163 1901 1377 1956 frangitur
1406 1906 1561 1943 aestus.

323 1974 374 2016 fit
405 1987 587 2029 quoque,
619 1971 695 2014 ubi
726 1987 748 2013 e
781 1971 887 2013 nubi
919 1971 963 2012 in
995 1970 1157 2012 nubem
1189 1970 1254 2012 vis
1284 1970 1437 2012 incidit
1467 1969 1622 2012 ardens
1739 1978 1813 2024 145

323 2042 528 2092 fulminis,
560 2041 664 2083 haec
696 2041 834 2082 multo
865 2041 901 2082 si
934 2040 1041 2081 forte
1073 2054 1222 2081 umore
1255 2039 1420 2095 recepit

323 2112 480 2168 ignem,
512 2111 717 2152 continuo
747 2115 793 2152 ut
823 2124 980 2165 magno
1010 2108 1194 2150 clamore
1225 2108 1440 2161 trucidet余

325 2186 376 2222 ut
407 2178 557 2221 calidis
588 2177 774 2220 candens
806 2177 966 2219 ferrum
997 2191 1022 2219 e
1052 2175 1294 2218 fornacibus
1324 2175 1426 2218 olim

209 2323 280 2356 and
303 2323 334 2354 3.
381 2321 428 2354 Is.
445 2321 541 2353 Voss.
560 2324 617 2353 too
641 2320 710 2353 and
735 2320 862 2353 Creech
884 2320 996 2361 prefer
1018 2322 1182 2352 exierunt.
1229 2321 1350 2352 exierit
1372 2319 1463 2351 Flor.
1487 2319 1528 2350 31
1553 2317 1672 2352 Gamb.
1698 2320 1719 2352 3
1741 2318 1819 2353 Vat.

210 2377 288 2410 Ald.
307 2378 324 2408 1
341 2377 440 2409 Junt.
456 2376 579 2408 Lamb.
626 2377 772 2408 exierint
788 2375 881 2407 Brix.
899 2375 975 2407 Ver.
993 2375 1077 2407 Ven.
1098 2375 1206 2414 Mar.余
1229 2374 1291 2406 but
1312 2376 1435 2407 exierit
1456 2374 1543 2406 Mar.
1560 2383 1613 2415 ap.
1634 2373 1761 2408 Victor.
1781 2375 1822 2408 in

211 2432 264 2464 ed.
282 2431 367 2464 Ven.
503 2432 564 2461 124
581 2431 779 2463 concollecta
795 2430 863 2462 AB.
911 2431 1059 2462 conlecta
1075 2429 1168 2461 Nice.
1186 2429 1278 2462 Brix.
1328 2430 1467 2461 collecta
1482 2429 1512 2461 A
1527 2439 1613 2461 corr.
1630 2428 1749 2462 Oamb.

255 2489 319 2520 128
341 2487 537 2519 conminuit.
582 2486 754 2517 commovit
782 2485 810 2515 A
839 2494 925 2518 corr.
952 2484 1044 2516 Flor.
1069 2484 1109 2515 31
1135 2483 1252 2516 Camb.
1282 2483 1375 2515 Mon.
1398 2483 1493 2516 Brix.
1519 2483 1595 2516 Ver.
1620 2483 1704 2517 Ven-
1727 2484 1817 2526 vulg.

209 2541 325 2574 before
339 2539 446 2572 Lach.
618 2539 680 2571 129
696 2540 799 2570 scissa
815 2538 917 2570 Bern.
934 2538 987 2570 for
1002 2539 1113 2570 missa.
1151 2539 1238 2578 fissa
1254 2537 1380 2570 Laen:
1404 2537 1432 2570 it
1447 2537 1479 2570 is
1493 2538 1620 2579 clearly
1636 2538 1696 2572 the
1708 2540 1821 2579 rubbes,

212 2599 275 2628 not
295 2596 355 2627 the
373 2595 533 2636 procella,
554 2592 665 2624 which
689 2593 719 2624 is
742 2593 822 2625 here
846 2593 976 2633 spoken
999 2592 1049 2630 0f余
1073 2592 1208 2633 though
1230 2593 1278 2624 all
1300 2592 1428 2624 editors
1450 2591 1565 2624 before
1587 2592 1694 2626 Lach.
1709 2593 1822 2627 retain

212 2653 325 2688 missa,
338 2649 451 2681 which
466 2648 598 2680 Isidore
614 2651 671 2680 too
687 2647 771 2688 orig.
788 2657 854 2679 xm
871 2650 891 2679 8
906 2651 1000 2679 must
1016 2647 1104 2679 have
1121 2647 1218 2680 read:
1243 2647 1302 2678 the
1317 2646 1518 2688 corruption
1539 2647 1708 2681 therefore
1726 2651 1822 2682 must

212 2707 253 2740 be
268 2705 336 2738 old.
470 2705 532 2735 131
551 2709 678 2735 torvum
693 2703 758 2736 Ed.
778 2703 832 2734 for
843 2713 996 2744 parvum.
1043 2713 1198 2742 maynum
1214 2702 1260 2733 Is.
1277 2702 1375 2733 Voss.
1392 2701 1430 2733 in
1445 2711 1510 2734 ms.
1521 2703 1620 2735 notes
1634 2702 1706 2735 and
1719 2702 1817 2737 Wak.

209 2763 342 2802 pariter
364 2759 451 2791 Mar.
477 2759 576 2790 Junt.
607 2757 728 2790 Lamb.
754 2760 817 2790 etc.
868 2758 974 2799 Saepe
997 2758 1053 2789 det
1077 2758 1160 2789 haut
1178 2767 1322 2798 parvum
1343 2756 1451 2788 Lach.
1496 2757 1614 2789 Noenu
1636 2758 1689 2789 ita
1709 2758 1766 2790 det
1783 2768 1819 2800 p.

213 2815 316 2847 Bern.
330 2826 336 2846 :
361 2814 424 2845 but
440 2823 495 2845 see
510 2816 609 2844 notes
625 2813 655 2843 2.
790 2813 852 2843 132
869 2812 938 2844 and
955 2813 1016 2845 136
1028 2814 1176 2854 perflant
1190 2813 1220 2843 A
1235 2821 1321 2843 corr.
1339 2811 1430 2844 Nicc.
1452 2811 1504 2843 for
1515 2813 1673 2853 perfiant.

261 2870 323 2900 133
352 2869 406 2901 Ut.
459 2869 528 2899 Cur
543 2866 663 2899 Lamb.
683 2866 846 2907 wrongly.
993 2867 1054 2898 141
1078 2868 1225 2898 Arbusta
1240 2867 1387 2898 evolvens
1401 2866 1431 2897 A
1446 2875 1532 2898 corr.
1551 2865 1641 2899 Flor.
1661 2867 1703 2899 31
1718 2866 1821 2900 Pont.

216 2923 302 2955 Mar.
320 2923 373 2954 for
388 2923 532 2954 Arbusta
548 2923 691 2953 volvens.
737 2922 877 2953 Arbuste
892 2922 1024 2953 volvens
1040 2921 1132 2952 Nice.
1152 2920 1269 2953 Camb.
1455 2921 1518 2952 144
1540 2926 1650 2953 aestus
1671 2920 1762 2953 Flor.
1780 2922 1822 2954 31

217 2976 336 3008 Gamb.
352 2978 415 3007 etc.
432 2975 485 3007 for
507 2979 587 3008 aest.
634 2980 727 3006 aestu
742 2975 771 3006 A
786 2984 870 3008 corr.
891 2974 985 3006 Nico.
1003 2975 1098 3006 Mon.
1115 2974 1191 3006 Ver.
1213 2974 1296 3006 Ven.
1313 2973 1405 3014 vulg.
1569 2974 1631 3009 147
1653 2979 1692 3006 ut
1713 2974 1824 3008 added
