1997 3267
226 198 241 227 1
250 197 303 228 02
995 181 1043 222 II

335 308 386 335 ex
416 307 586 348 unoque
617 291 735 333 sitim
767 290 964 332 sedantes
995 290 1172 332 flumine
1203 289 1330 344 aquai

334 361 532 403 dissimili
563 360 710 401 vivont
742 359 881 415 specie
911 359 1186 414 retinentque
1217 362 1446 413 parentum
1732 357 1815 410 665

221 435 301 485 665
335 437 533 473 naturam
565 435 609 472 et
640 444 777 471 mores
806 428 1046 485 generatim
1078 441 1271 483 quaeque
1303 426 1540 468 imitantur.

334 504 458 541 tanta
488 504 553 540 est
583 498 629 539 in
660 497 809 553 quovis
838 511 993 553 genere
1025 496 1181 537 herbae
1213 495 1409 536 materiai

334 567 549 609 dissimilis
579 566 701 615 ratio,
731 570 855 607 tanta
885 570 951 606 est
981 564 1026 605 in
1057 564 1232 605 flumine
1264 577 1442 618 quoque.

335 636 433 678 hinc
463 650 585 691 porro
616 634 812 690 quamvis
842 634 1107 675 animantem
1138 649 1190 675 ex
1222 632 1419 674 omnibus
1450 646 1581 673 unam

336 718 428 745 ossa
457 718 579 745 cruor
608 717 741 744 venae
772 701 884 742 calor
914 716 1036 743 umor
1065 701 1225 743 viscera
1254 701 1374 742 nervi
1732 701 1819 754 670

222 773 305 825 670
336 772 623 823 constituunt;
662 785 771 826 quae
802 775 904 812 sunt
934 785 1056 825 porro
1087 770 1294 812 distantia
1324 770 1459 826 longe,

336 839 531 880 dissimili
562 839 752 895 perfecta
781 838 919 894 figura
948 838 1263 893 principiorum.

335 913 429 949 tum
460 922 582 963 porro
613 921 908 962 quaecumque
939 906 1029 961 igni
1060 907 1279 948 flammata
1309 911 1561 954 cremantur⁵

336 976 371 1017 si
402 976 463 1017 nil
492 981 725 1031 praeterea,
757 980 903 1016 tamen
934 974 1038 1016 haec
1068 975 1112 1015 in
1143 990 1313 1030 corpore
1344 975 1533 1017 condunt

337 1045 449 1086 unde
480 1045 625 1100 ignem
657 1044 793 1085 iacere
824 1049 868 1085 et
898 1043 1044 1085 lumen
1074 1044 1344 1085 summittere
1374 1043 1538 1099 possint
1732 1044 1812 1096 675

223 1115 302 1167 675
337 1113 625 1169 scintillasque
656 1127 781 1168 agere
811 1127 860 1153 ac
890 1112 976 1154 late
1008 1113 1175 1154 differre
1208 1113 1407 1154 favillam.

337 1188 477 1224 cetera
507 1181 716 1223 consimili
747 1181 906 1222 mentis
936 1181 1101 1222 ratione
1132 1196 1359 1236 peragrans

336 1250 525 1292 invenies
556 1250 691 1306 igitur
720 1250 955 1290 multarum
986 1249 1150 1290 semina
1180 1264 1321 1290 rerum

337 1334 506 1375 corpore
537 1319 672 1361 celare
703 1324 748 1360 et
778 1318 915 1359 varias
946 1318 1142 1359 cohibere
1174 1318 1341 1374 figuras,

339 1387 522 1443 denique
552 1387 690 1429 multa
720 1386 838 1428 vides
870 1387 1024 1442 quibus
1056 1392 1100 1428 et
1131 1387 1242 1428 color
1272 1392 1316 1428 et
1347 1401 1471 1441 sapor
1499 1401 1586 1428 una
1731 1387 1817 1428 680

223 1458 303 1498 681
339 1457 506 1498 reddita
536 1462 636 1498 sunt
667 1471 764 1498 cum
795 1455 943 1497 odore:
983 1455 1028 1497 in
1059 1455 1208 1510 primis
1238 1456 1441 1511 pleraque
1471 1455 1582 1496 dona

340 1591 443 1633 haec
474 1591 608 1648 igitur
638 1590 765 1632 variis
796 1591 954 1632 debent
985 1596 1175 1632 constare
1206 1590 1379 1646 figuris3

338 1660 460 1701 nidor
489 1660 603 1702 enim
634 1665 832 1715 penetrat
863 1675 947 1715 qua
978 1660 1098 1701 fucus
1128 1674 1212 1700 non
1243 1660 1278 1700 it
1309 1659 1354 1700 in
1385 1664 1512 1711 artus,

339 1729 458 1769 fucus
488 1728 593 1770 item
624 1743 797 1778 sorsum,
827 1743 989 1770 sorsmn
1020 1743 1142 1783 sapor
1172 1728 1415 1769 insinuatur

339 1797 558 1849 sensibus3
598 1803 648 1839 ut
679 1812 825 1839 noscas
855 1797 1003 1853 primis
1034 1797 1203 1838 differre
1235 1797 1392 1852 figuris
1730 1798 1812 1852 685

337 1865 562 1907 dissimiles
591 1866 726 1923 igitur
757 1868 914 1908 formae
944 1867 1233 1922 glomeramen
1264 1866 1308 1907 in
1339 1880 1474 1907 unum

338 1935 595 1978 conveniunt
626 1941 670 1977 et
700 1950 766 1977 res
795 1935 1006 1991 permixto
1037 1935 1197 1976 semine
1229 1940 1435 1976 constant.

226 2075 318 2097 same
342 2065 452 2107 thing)
476 2065 646 2098 652—657
669 2066 762 2096 must
785 2064 827 2095 be
857 2063 1014 2095 enclosed
1043 2063 1080 2094 in
1110 2063 1264 2094 brackets
1294 2072 1333 2094 as
1363 2072 1383 2094 a
1413 2062 1617 2102 subsequent
1646 2062 1815 2103 marginal

225 2119 378 2151 addition
405 2120 442 2151 of
464 2119 522 2151 the
545 2120 666 2159 poet’s:
692 2128 744 2150 see
769 2119 883 2155 above,
909 2128 940 2158 p.
971 2119 1023 2150 29.
1149 2118 1211 2149 664
1235 2119 1386 2149 sedantes
1412 2117 1505 2149 Nicc.
1531 2117 1559 2148 B
1583 2126 1667 2148 corr.
1692 2117 1744 2149 for
1765 2127 1813 2148 se-

225 2174 346 2204 dentes.
391 2173 526 2212 Brieger
549 2175 628 2212 puts
652 2172 721 2204 this
744 2183 775 2204 v.
801 2173 912 2204 before
935 2172 1006 2204 662.
1151 2171 1213 2202 665
1236 2173 1443 2211 retinentque
1460 2177 1637 2212 parentum
1658 2172 1748 2203 Flor.
1772 2172 1813 2203 31

225 2227 302 2259 Vat.
321 2227 403 2258 1136
421 2227 544 2259 Othob.
563 2228 646 2260 1954
663 2226 787 2259 Othob.
805 2236 879 2258 s.m.
897 2227 982 2258 Mar.
999 2225 1073 2258 Ald.
1096 2226 1114 2257 1
1131 2226 1226 2257 Junt.
1250 2226 1301 2257 for
1317 2228 1477 2257 retinente
1490 2231 1639 2266 parente.

268 2282 329 2315 669
353 2283 646 2322 9ιια·ηιυ·ί3...αηα7η
667 2282 786 2313 Lamb.
811 2281 863 2313 for
886 2283 1158 2321 quamvis„wza.
1204 2282 1461 2321 quemvis...umi
1487 2280 1578 2313 Nico.
1626 2282 1809 2321 quemvis...

224 2347 324 2368 imum
347 2337 432 2368 Mar.
457 2337 552 2369 Junt.
745 2336 807 2369 674
830 2337 972 2367 condunt
995 2335 1059 2366 Ed.
1084 2335 1135 2366 for
1159 2336 1346 2366 traduntur.
1394 2336 1502 2366 celant
1523 2333 1628 2366 Lach.
1673 2336 1813 2367 cludunt

225 2391 322 2422 Bern.
436 2389 498 2422 675
514 2392 620 2430 iynem
635 2390 726 2421 Nico.
744 2390 796 2422 for
812 2392 897 2430 igne.
946 2391 1036 2429 iynes
1052 2389 1080 2420 B
1096 2399 1181 2420 corr.
1290 2389 1351 2420 681
1369 2399 1388 2419 a
1404 2399 1435 2420 V.
1452 2388 1482 2419 is
1497 2389 1564 2420 lost
1578 2388 1658 2419 here
1674 2388 1757 2420 such
1772 2399 1811 2420 as

227 2446 308 2484 Quis
329 2454 467 2476 accensa
487 2446 591 2475 solent
608 2445 742 2484 fumare
764 2445 891 2476 altaria
913 2445 1040 2476 divom:
1066 2453 1121 2474 see
1142 2445 1238 2474 notes
1259 2444 1295 2474 2:
1319 2445 1380 2474 not
1396 2452 1415 2474 a
1431 2443 1528 2474 letter
1549 2442 1583 2473 of
1605 2442 1664 2474 the
1678 2452 1759 2474 mss.
1781 2443 1810 2474 is
1868 2468 1872 2471 .

225 2500 260 2529 to
276 2497 316 2528 be
333 2497 492 2537 changed.
541 2499 578 2529 in
588 2499 699 2538 privis
710 2499 876 2538 pluraque
893 2499 978 2529 dona
993 2496 1098 2528 Lach.
1145 2497 1186 2527 In
1203 2505 1432 2536 consequence
1448 2496 1483 2527 of
1504 2495 1565 2529 657
1583 2495 1668 2538 (680)
1685 2495 1812 2537 having

225 2552 308 2584 been
323 2552 508 2592 misplaced
524 2552 582 2584 the
598 2552 690 2584 older
705 2552 830 2584 editors
845 2552 931 2584 have
946 2551 1045 2584 made
1062 2554 1199 2591 strange
1214 2551 1393 2582 confusion
1409 2551 1500 2582 here.
1602 2550 1664 2582 683
1680 2550 1742 2582 684
1751 2552 1808 2591 fu-

225 2607 432 2638 mas...Fucus
448 2605 551 2637 Lach.
571 2608 660 2636 most
676 2606 831 2646 properly
846 2606 898 2637 for
913 2606 1178 2637 sucus...Sucus:
1204 2609 1300 2636 ‘nam
1310 2605 1410 2644 fucus
1427 2604 1518 2635 color
1533 2605 1584 2635 est
1597 2604 1616 2634 ’.

269 2661 331 2693 684
350 2671 475 2692 sorsum
495 2660 553 2691 AB
575 2660 656 2701 only
672 2670 764 2691 once.
813 2664 970 2692 ‘seorsum
991 2665 1023 2691 et
1043 2670 1150 2691 rerum
1170 2658 1320 2699 [Faber's
1336 2659 1432 2698 text}
1472 2663 1502 2689 et
1518 2667 1626 2689 rerum
1641 2667 1708 2689 om.
1724 2667 1805 2690 mss.

226 2724 277 2746 π.
303 2714 521 2755 repetendum
545 2717 583 2745 ut
608 2717 692 2754 puto
717 2713 754 2746 τὸ
777 2725 900 2746 sorsum
926 2714 1023 2746 G.V.’
1049 2723 1114 2745 ms.
1139 2716 1238 2745 notes
1262 2713 1299 2745 of
1319 2713 1364 2743 Is.
1387 2712 1538 2743 Vossius.
1584 2711 1725 2743 Haverc.
1742 2711 1813 2744 and

227 2765 374 2806 through
389 2766 462 2797 him
478 2765 578 2798 Lach.
596 2765 836 2806 misrepresent
852 2766 942 2798 him:
969 2765 1081 2797 ‘G.V.’
1098 2765 1128 2796 is
1145 2765 1181 2796 of
1202 2774 1319 2797 course
1338 2764 1394 2795 his
1415 2764 1528 2795 father
1544 2763 1682 2800 Gerard,
1699 2762 1811 2796 whose

226 2820 365 2860 reading
388 2820 556 2852 therefore
577 2820 606 2851 is
630 2819 688 2851 the
711 2829 803 2851 same
826 2829 864 2851 as
886 2820 1130 2851 Lachmann's.
1313 2819 1374 2851 685
1392 2820 1512 2859 primis
1533 2818 1569 2849 of
1589 2827 1670 2849 mss.
1695 2818 1712 2848 I
1734 2828 1811 2850 now

226 2873 325 2914 keep:
351 2883 405 2905 see
425 2876 522 2905 notes
544 2875 580 2906 2:
600 2874 710 2914 privis
730 2873 835 2905 Lach.
859 2873 946 2905 after
967 2873 1118 2910 Vossius,
1140 2872 1283 2912 Preiger,
1307 2872 1450 2903 Haverc.
1466 2870 1541 2902 who
1565 2880 1643 2912 says
1667 2871 1811 2911 ‘egregie

226 2929 260 2958 et
280 2927 344 2959 hoc
364 2928 437 2959 loco
454 2929 560 2968 privis
581 2927 683 2959 habet
704 2927 902 2968 Marginalis
924 2929 1070 2960 noster':
1093 2937 1152 2969 my
1166 2937 1230 2959 ms.
1255 2928 1352 2958 notes
1375 2926 1411 2957 of
1432 2925 1573 2958 Vossius
1596 2935 1653 2957 are
1668 2925 1812 2959 without
