1997 3267
213 171 295 211 208
992 168 1031 210 V

329 291 381 318 ex
414 276 585 318 infinito
616 276 701 318 iam
734 282 927 332 tempore
959 277 1126 332 percita
1155 277 1294 333 plagis

327 347 675 405 ponderibusque
707 347 795 388 suis
826 353 1088 389 consuerunt
1120 347 1286 389 concita
1316 347 1416 389 ferri

327 417 668 473 omnimodisque
700 417 810 458 coire
841 422 972 472 atque
1003 417 1147 458 omnia
1177 422 1481 472 pertemptare,
1742 430 1822 473 190

328 502 625 543 quaecumque
656 487 770 529 inter
801 501 845 528 se
876 492 1052 542 possent
1083 500 1308 542 congressa
1338 500 1491 536 creare,

329 563 379 599 ut
410 572 495 599 non
527 557 583 599 sit
614 557 772 598 mirum
804 556 840 597 si
871 556 916 597 in
947 556 1046 598 talis
1077 556 1359 612 disposituras

328 626 581 667 deciderunt
613 639 782 680 quoque
814 630 859 666 et
889 624 934 665 in
966 624 1066 666 talis
1097 639 1250 666 venere
1282 630 1463 674 meatus,

328 695 528 750 qualibus
559 694 664 735 haee
694 709 837 735 rerum
867 693 1034 750 geritur
1064 708 1179 735 nunc
1210 708 1378 734 summa
1409 693 1614 736 novando.

388 763 515 815 Quod
545 764 583 805 si
613 763 699 804 iam
730 777 874 803 rerum
906 762 1099 817 ignorem
1131 761 1364 817 primordia
1394 777 1504 818 quae
1535 763 1634 814 sint,
1741 774 1816 817 195

330 832 408 874 hoe
440 839 587 874 tamen
620 846 671 872 ex
703 831 806 886 ipsis
838 831 943 872 caeli
976 831 1216 872 rationibus
1249 831 1387 872 ausim

329 903 577 944 confirmare
611 901 792 956 aliisque
824 915 876 942 ex
907 900 1036 942 rebus
1068 900 1246 942 reddere
1277 901 1441 952 multis,

329 986 603 1027 nequaquam
636 970 758 1012 nobis
789 969 1000 1012 divinitus
1031 985 1122 1012 esse
1155 976 1350 1025 paratam

328 1048 528 1084 naturam
562 1055 729 1090 rerum;
771 1046 896 1081 tanta
926 1046 1014 1081 stat
1044 1039 1242 1095 praedita
1272 1040 1407 1095 culpa.

328 1110 538 1166 principio
570 1114 782 1164 quantum
815 1108 921 1150 caeli
953 1108 1064 1165 tegit
1093 1109 1283 1165 impetus
1313 1109 1476 1166 ingens,
1736 1122 1822 1155 200

328 1179 428 1220 inde
460 1178 601 1220 avidei
633 1185 801 1234 partem
833 1184 1002 1220 montes
1033 1178 1249 1235 silvaeque
1282 1180 1467 1221 ferarum

329 1246 566 1302 possedere,
598 1252 750 1288 tenent
782 1261 910 1302 rupes
942 1253 1174 1302 vastaeque
1205 1246 1384 1303 paludes

330 1321 374 1357 et
405 1330 521 1357 mare
553 1315 667 1370 quod
699 1315 785 1356 late
818 1322 1028 1357 terrarum
1061 1315 1241 1357 distinet
1273 1330 1376 1357 oras.

329 1384 430 1426 inde
462 1384 568 1425 duas
600 1398 723 1440 porro
754 1399 885 1440 prope
916 1384 1054 1440 partis
1087 1385 1275 1426 fervidus
1306 1384 1430 1426 ardor

329 1453 621 1509 adsiduusque
652 1453 738 1509 geli
769 1468 891 1494 casus
922 1453 1176 1495 mortalibus
1206 1454 1357 1496 aufert.
1736 1466 1816 1508 205

330 1523 443 1579 quod
475 1529 670 1579 superest
701 1524 803 1573 arvi,
834 1529 980 1565 tamen
1012 1523 1055 1565 id
1088 1530 1243 1565 natura
1274 1539 1351 1565 sua
1381 1523 1424 1566 vi

330 1592 526 1634 sentibus
558 1593 756 1642 obducat,
787 1593 833 1634 ni
864 1593 928 1634 vis
960 1593 1149 1634 humana
1179 1593 1353 1635 resistat

329 1661 435 1702 vitai
466 1676 594 1703 eausa
624 1661 764 1703 valido
796 1668 1001 1703 consueta
1030 1662 1198 1704 bidenti

331 1730 548 1786 ingemere
581 1736 625 1772 et
657 1738 816 1772 terram
848 1730 1003 1786 pressis
1035 1730 1303 1786 proscindere
1336 1731 1500 1774 aratris.

331 1799 367 1840 si
397 1814 483 1840 non
516 1799 718 1841 fecundas
749 1806 967 1842 vertentes
1000 1815 1167 1842 vomere
1198 1801 1346 1857 glebas
1735 1812 1820 1846 210

331 1868 546 1924 terraique
577 1869 713 1910 solum
746 1869 997 1925 subigentes
1029 1869 1164 1911 cimus
1195 1870 1250 1911 ad
1281 1876 1410 1920 ortus,

331 1943 483 1992 sponte
515 1952 593 1978 sua
623 1943 841 1992 nequeant
872 1937 1056 1993 liquidas
1088 1938 1270 1980 existere
1302 1938 1347 1980 in
1377 1953 1514 1989 auras,

329 2012 374 2047 et
406 2012 552 2047 tamen
584 2005 803 2047 interdum
834 2021 991 2062 magno
1023 2007 1218 2062 quaesita
1249 2007 1390 2050 labore

332 2089 430 2116 cum
463 2074 549 2116 iam
580 2090 656 2130 per
687 2081 822 2117 terras
854 2076 1054 2118 frondent
1084 2084 1214 2132 atque
1246 2078 1390 2119 omnia
1419 2077 1584 2128 florent,

331 2149 409 2184 aut
439 2143 584 2185 nimiis
615 2151 749 2185 torret
782 2144 1018 2186 fervoribus
1048 2145 1267 2187 aetherius
1298 2146 1360 2187 sol
1735 2159 1815 2203 215

332 2218 409 2253 aut
440 2211 575 2253 subiti
605 2218 835 2267 peremunt
865 2213 1015 2254 imbris
1044 2214 1299 2270 gelidaeque
1331 2214 1523 2270 pruinae,

332 2281 550 2336 flabraque
582 2288 809 2323 ventorum
841 2283 1030 2324 violento
1061 2283 1235 2325 turbine
1266 2289 1436 2326 vexant.

332 2356 554 2405 praeterea
584 2365 720 2406 genus
752 2351 1008 2393 horriferum
1039 2359 1197 2394 natura
1228 2353 1413 2394 ferarum

332 2420 546 2461 humanae
577 2421 698 2476 genti
730 2421 936 2462 infestum
967 2428 1167 2477 terraque
1198 2421 1391 2477 marique

332 2503 407 2530 our
437 2488 515 2530 alit
547 2495 677 2544 atque
708 2492 870 2546 auget?
911 2505 986 2531 eur
1016 2490 1118 2531 anni
1150 2496 1346 2546 tempora
1375 2491 1543 2534 morbos
1734 2505 1820 2539 220

332 2557 594 2612 adportant?
635 2572 765 2613 quare
796 2573 910 2600 mors
940 2558 1158 2600 inmatura
1188 2561 1402 2615 vagatur?

218 2716 317 2748 Pont.
339 2715 424 2748 Mar.
442 2716 494 2748 for
509 2726 554 2748 se.
721 2718 783 2750 186
805 2721 968 2760 specimen
984 2719 1064 2750 Pius
1080 2719 1117 2751 in
1133 2725 1232 2752 notes
1248 2721 1301 2753 for
1315 2724 1464 2763 speciem.
1635 2723 1698 2758 187
1712 2725 1818 2757 multa

218 2771 322 2801 modis
337 2769 458 2801 Lamb.
481 2768 534 2801 ed.
559 2770 576 2800 1
599 2769 668 2802 and
691 2771 709 2801 2
730 2770 860 2812 rightly
880 2772 933 2804 for
953 2774 1178 2814 multimodi33
1201 2774 1264 2806 but
1285 2775 1336 2808 ed.
1362 2777 1382 2807 3
1404 2777 1506 2816 again
1521 2777 1739 2809 multimodis:
1763 2787 1818 2811 see

218 2827 291 2858 422.
439 2827 500 2860 191
518 2832 652 2868 possent
669 2828 721 2859 for
730 2830 861 2869 possint
876 2829 981 2863 Lach.
1002 2830 1140 2871 rightly,
1161 2841 1199 2863 as
1215 2832 1287 2864 426.
1436 2833 1497 2866 193
1520 2839 1647 2866 matus
1661 2833 1752 2867 Flor.
1772 2835 1814 2866 31

219 2880 304 2911 Mar.
322 2880 374 2912 for
390 2886 541 2914 maestus.
695 2883 756 2915 195
773 2885 802 2914 si
819 2883 928 2916 added
943 2884 988 2925 by
1003 2884 1089 2917 Mar.
1106 2886 1182 2917 Ald.
1201 2887 1219 2917 1
1237 2886 1335 2918 Junt.
1483 2889 1545 2921 201
1561 2888 1676 2921 avidei
1685 2894 1818 2930 partem

219 2934 283 2968 Ed.
311 2934 364 2966 for
387 2937 523 2967 avidam
543 2942 686 2977 partem.
732 2939 830 2969 avide
856 2938 958 2970 Bern.
1003 2940 1157 2980 aliquam
1182 2939 1288 2972 Laeh.
1336 2940 1493 2974 ‘Mar-ull.
1521 2943 1628 2974 aliam
1650 2943 1813 2984 pessime'
