1997 3267
200 198 281 240 252
977 183 1041 224 VI

314 292 531 350 intellegit
561 291 623 334 ibi
654 291 811 333 vitium
843 305 917 332 vas
947 291 1113 333 efficere
1143 290 1286 346 ipsum

314 362 543 418 omniaque
573 361 691 403 illius
721 360 828 403 vitio
858 360 1122 415 corrumpier
1152 359 1271 401 intus

313 446 423 487 quae
454 430 623 472 conlata
653 429 752 471 foris
783 434 828 471 et
859 428 1080 471 commoda
1110 442 1294 483 cumque
1329 427 1551 480 venirent3

313 500 471 556 partim
504 498 618 555 quod
649 497 815 539 fluxum
847 502 1159 552 pertusumque
1190 510 1282 538 esse
1314 495 1502 546 videbat,
1752 507 1810 539 20

314 574 364 610 ut
395 568 513 610 nulla
543 572 687 623 posset
717 566 884 608 ratione
916 565 1127 621 explerier
1157 580 1390 620 umquam;

314 636 473 693 partim
503 636 618 692 quod
649 641 789 678 taetro
820 635 943 691 quasi
974 649 1253 691 conspurcare
1284 649 1434 691 sapore

315 707 458 750 omnia
488 706 701 756 cernebat,
733 720 1030 762 quaecumque
1060 710 1292 760 receperat,
1323 705 1452 747 intus.

313 776 510 818 veridicis
541 776 676 832 igitur
706 775 909 831 purgavit
941 780 1113 830 pectora
1144 775 1272 816 dictis

315 850 360 887 et
389 845 520 887 finem
551 844 709 887 statuit
740 843 994 900 cuppedinis
1025 850 1154 899 atque
1187 843 1353 885 timoris
1753 852 1805 896 25

315 914 598 970 exposuitque
630 913 791 955 bonum
823 927 1042 954 summum
1075 928 1158 968 quo
1191 912 1410 954 tendimus
1441 927 1588 955 omnes

314 983 419 1040 quid
451 984 570 1035 foret,
601 989 732 1039 atque
764 982 879 1024 viam
911 983 1181 1033 monstravit,
1211 982 1387 1024 tramite
1419 996 1548 1037 parvo

316 1067 401 1108 qua
430 1067 652 1108 possemus
683 1052 737 1094 ad
770 1051 813 1094 id
843 1057 960 1094 recto
991 1051 1248 1094 contendere
1279 1066 1417 1100 cursu,

314 1122 471 1179 quidve
503 1123 605 1164 mali
637 1123 746 1164 foret
777 1122 822 1163 in
853 1122 980 1164 rebus
1012 1121 1256 1163 mortalibu'
1287 1121 1458 1177 passim,

316 1191 430 1248 quod
461 1192 583 1234 fieret
613 1192 802 1234 naturali
834 1192 1035 1248 varieque
1067 1192 1231 1234 volaret
1756 1203 1811 1246 30

316 1275 391 1302 seu
423 1275 522 1302 casu
555 1275 630 1302 seu
665 1261 720 1310 vi,
752 1260 866 1316 quod
898 1260 958 1302 sic
988 1267 1145 1302 natura
1175 1266 1379 1316 parasset,

316 1334 361 1371 et
391 1329 547 1385 quibus
578 1344 601 1372 e
631 1329 767 1385 portis
799 1329 960 1371 occurri
992 1329 1147 1385 cuique
1179 1329 1363 1378 deceret,

316 1403 362 1440 et
391 1412 527 1454 genus
558 1398 796 1440 humanum
828 1398 986 1440 frustra
1017 1399 1270 1454 plerumque
1302 1397 1500 1454 probavit

318 1465 484 1507 volvere
515 1481 714 1508 curarum
747 1466 884 1508 tristis
915 1467 959 1508 in
992 1472 1162 1522 pectore
1195 1466 1363 1508 fluctus.

315 1550 416 1577 nam
447 1535 584 1577 veluti
614 1535 737 1591 pueri
769 1535 989 1591 trepidant
1020 1542 1153 1591 atque
1185 1535 1329 1577 omnia
1359 1535 1494 1577 caecis
1754 1544 1804 1588 35

315 1604 362 1646 in
391 1604 581 1646 tenebris
612 1610 827 1654 metuunt,
859 1604 917 1646 sic
948 1619 1024 1646 nos
1056 1604 1099 1645 in
1132 1605 1226 1646 luce
1259 1605 1463 1646 timemus

314 1673 546 1724 interdum,
578 1674 664 1716 nilo
696 1689 806 1730 quae
836 1680 939 1716 sunt
970 1674 1205 1715 metuenda
1237 1674 1375 1730 magis
1407 1688 1536 1729 quam

315 1757 425 1799 quae
456 1743 579 1799 pueri
611 1744 656 1784 in
687 1743 877 1785 tenebris
908 1743 1107 1798 pavitant
1140 1743 1398 1799 finguntque
1430 1743 1587 1784 futura.

317 1811 430 1853 hunc
460 1811 596 1868 igitur
627 1817 832 1853 terrorem
863 1811 998 1853 animi
1030 1811 1315 1867 tenebrasque
1345 1816 1560 1853 necessest

318 1895 402 1922 non
432 1881 541 1923 radii
571 1881 671 1923 solis
702 1896 780 1923 nec
811 1881 954 1923 lucida
986 1881 1072 1923 tela
1102 1881 1189 1923 diei
1753 1894 1812 1934 40

317 1949 564 2000 discutiant,
595 1950 669 1992 sed
701 1956 881 1991 naturae
913 1950 1074 2005 species
1106 1950 1311 2006 ratioque.

317 2033 401 2076 quo
432 2019 569 2076 magis
599 2019 823 2075 inceptum
853 2034 1030 2075 pergam
1061 2026 1285 2075 pertexere
1316 2019 1453 2061 dictis.

377 2088 434 2130 Et
465 2089 667 2144 quoniam
698 2088 825 2130 docui
855 2088 1007 2130 mundi
1038 2089 1238 2130 mortalia
1267 2089 1431 2145 templa

317 2171 409 2199 esse
440 2163 478 2199 et
506 2157 654 2199 nativo
685 2157 1120 2212 consistere-corpore
1152 2157 1332 2208 caelum,

202 2302 374 2333 contracts
388 2300 447 2333 the
463 2303 528 2334 two
545 2312 654 2333 verses
670 2302 745 2335 into
761 2312 837 2340 one,
854 2303 936 2335 thus
956 2306 1064 2345 Atque
1085 2306 1233 2336 animam
1253 2306 1386 2346 infestIs
1407 2306 1481 2346 cogi
1501 2306 1624 2337 servire
1645 2306 1805 2346 querelis:

202 2357 324 2387 servire
346 2355 419 2387 also
438 2355 514 2387 Ver.
532 2356 616 2388 Ven.
636 2357 721 2388 Mar.
741 2357 818 2389 Ald.
837 2359 854 2389 1
877 2357 975 2389 Junt.
1023 2359 1168 2390 Causam
1188 2369 1273 2399 quae
1299 2359 1426 2392 Avanc.
1452 2359 1598 2400 Nauger.
1621 2359 1673 2391 for
1692 2361 1807 2392 Pausa

203 2414 313 2451 atque.
447 2411 487 2443 17
502 2421 561 2442 vas
579 2411 666 2443 Mar.
683 2412 760 2443 Ald.
779 2413 795 2442 1
810 2412 907 2443 Junt.
925 2412 1058 2453 forsas.
1194 2414 1234 2444 25
1250 2415 1446 2454 cuppedinis
1461 2415 1490 2446 A
1505 2414 1643 2455 rightly,
1664 2424 1703 2446 as
1714 2415 1786 2447 v45
1797 2404 1825 2455 3*

203 2464 272 2495 and
293 2473 331 2495 so
353 2464 522 2496 Marullus
542 2465 577 2496 in
598 2475 702 2506 marg.
725 2466 761 2496 of
780 2466 851 2498 cod.
873 2466 1001 2498 Victor.
1019 2467 1177 2507 properly
1193 2472 1356 2500 corrects:
1380 2467 1588 2500 Lactantius
1603 2467 1686 2500 inst.
1699 2477 1750 2500 v11
1766 2469 1808 2502 27

202 2517 266 2550 has
296 2519 490 2559 torpedinis,
522 2518 610 2550 from
641 2518 753 2550 whom
785 2518 870 2551 Mar.
901 2520 1066 2560 probably
1096 2523 1154 2560 got
1185 2520 1241 2552 his
1272 2521 1347 2553 first
1377 2521 1500 2553 notion
1529 2521 1728 2555 mentioned
1767 2522 1810 2564 by

204 2572 384 2605 Gifanius:
410 2581 465 2604 see
480 2581 516 2604 n.
534 2575 570 2604 to
586 2582 629 2603 111
644 2574 727 2606 994:
752 2574 869 2605 unless
885 2573 928 2605 he
943 2573 1060 2605 rather
1075 2574 1175 2605 when
1191 2584 1306 2615 young
1323 2574 1459 2607 derived
1470 2575 1498 2607 it
1511 2575 1600 2607 from
1611 2575 1667 2607 his
1678 2579 1808 2608 master

203 2626 382 2659 Pontanus
396 2627 472 2659 who
489 2628 661 2668 expressly
675 2631 774 2660 notes
793 2631 801 2644 ‘
815 2630 998 2670 torpedinis
1015 2631 1066 2660 est
1082 2629 1174 2669 apud
1189 2629 1414 2662 Lactantium
1428 2631 1448 2661 ’.
1611 2631 1653 2663 27
1677 2632 1810 2663 tramite

199 2691 318 2721 parvo.
364 2683 495 2713 tramite
510 2692 612 2722 prono
627 2682 749 2714 Lamb.
767 2684 873 2714 limite
883 2693 989 2723 prono
1006 2682 1104 2714 Junt.
1122 2683 1326 2724 apparently
1343 2683 1431 2715 after
1446 2683 1650 2716 Lactantius
1666 2683 1748 2716 inst.
1759 2693 1810 2716 vn

205 2737 257 2769 27.
301 2735 408 2768 Lach.
424 2736 551 2776 rightly
566 2736 657 2776 joins
674 2740 807 2768 tramite
823 2748 926 2776 parvo
943 2738 1026 2769 with
1043 2737 1136 2769 what
1153 2738 1296 2770 follows.
1408 2739 1449 2769 28
1465 2743 1552 2770 recto
1567 2738 1597 2770 A
1612 2748 1697 2771 corr.
1715 2739 1808 2771 Nico.

204 2788 293 2820 Flor.
311 2789 352 2820 31
368 2789 487 2821 Camb.
504 2789 599 2821 Mon.
616 2790 774 2823 Lactant.
790 2790 843 2822 for
860 2797 960 2823 recta.
1090 2792 1133 2823 30
1147 2793 1248 2832 fieret
1264 2791 1332 2824 Iac.
1349 2791 1470 2824 Susius
1481 2791 1517 2823 in
1530 2791 1684 2832 Tonson,
1696 2791 1803 2824 Lach.

205 2842 257 2874 for
272 2843 391 2882 fuerit.
430 2845 552 2884 flueret
567 2844 652 2875 Mar.
671 2844 747 2876 Ald.
765 2844 783 2875 1
805 2844 904 2877 Junt.
923 2844 1013 2885 vulg.
1059 2847 1224 2877 naturali.
1270 2851 1411 2877 naturae
1431 2847 1466 2877 vi
1485 2845 1605 2878 Lamb.
1654 2847 1808 2878 naturali

206 2897 277 2928 viro
292 2901 391 2937 atque
407 2897 493 2928 Mar.
509 2897 585 2929 Ald.
603 2899 621 2928 1
637 2898 733 2929 Junt.
856 2899 897 2930 31
913 2909 1003 2930 casu.
1049 2909 1151 2931 eausa
1166 2899 1272 2930 Lach.
1394 2900 1436 2930 32
1460 2901 1509 2931 Et
1524 2901 1644 2940 quibus
1658 2899 1750 2931 Flor.
1764 2900 1804 2931 31

207 2952 323 2985 camb.
342 2951 442 2984 Pont.
462 2951 547 2982 Mar.
565 2951 616 2982 sor
632 2953 663 2982 E
680 2953 808 2991 quibus.
898 2953 940 2984 34
960 2953 1094 2985 Volvere
1110 2953 1188 2984 Ver.
1206 2953 1288 2985 Ven.
1304 2953 1391 2985 Mar.
1405 2953 1458 2984 for
1478 2954 1625 2986 Volnere.
1645 2976 1656 2989 .
1717 2953 1760 2985 44
1775 2960 1808 2986 et
