1997 3267
236 199 315 251 136
974 192 1047 234 ΠΙ

343 319 442 346 nam
472 303 617 359 procul
649 302 747 343 hinc
777 301 907 343 dubio
937 301 1058 342 nobis
1089 301 1314 342 simulacra
1343 307 1642 357 genunturz—

342 388 456 415 nunc
486 372 620 428 igitur
650 371 849 426 quoniam
881 370 1090 425 quassatis
1121 371 1311 425 undique
1341 371 1451 412 vasis

343 441 535 482 diffluere
566 455 757 482 umorem
788 445 832 480 et
864 439 1034 480 laticem
1065 438 1279 480 discedere
1311 439 1446 480 cernis
1731 449 1813 492 435

344 515 388 550 et
418 509 576 550 nebula
604 523 653 549 ac
683 508 824 549 fumus
855 507 1054 562 quoniam
1085 506 1264 548 discedit
1294 507 1339 547 in
1369 521 1503 557 auras,

345 577 468 618 crede
497 576 683 617 animam
715 589 881 630 quoque
911 575 1094 615 diffundi
1123 575 1345 629 multoque
1375 575 1513 629 perire

346 645 461 686 ocius
491 650 535 686 et
565 644 691 685 citius
722 643 893 684 dissolvi
922 643 969 684 in
999 659 1169 698 corpora
1198 644 1347 698 prima,

344 728 439 754 cum
471 712 601 754 semel
632 726 683 753 ex
714 711 897 752 hominis
927 712 1128 753 membris
1158 712 1301 753 ablata
1329 712 1512 753 recessit.

346 781 504 836 quippe
535 781 693 821 etenim
724 794 885 834 corpus,
915 780 1027 834 quod
1057 795 1130 821 vas
1161 780 1281 835 quasi
1311 780 1504 822 constitit
1535 780 1638 831 eius,
1732 791 1819 832 440

346 864 443 890 cum
474 849 667 890 cohibere
697 850 848 902 nequit
878 855 1202 902 conquassatum
1235 863 1286 888 ex
1316 848 1459 904 aliqua
1488 862 1534 890 re

347 931 395 957 ac
425 917 678 958 rarefactum
709 916 900 956 detracto
930 915 1137 971 sanguine
1168 915 1299 965 venis?

347 1000 442 1026 aere
473 984 547 1039 qui
577 984 720 1025 credas
750 998 871 1038 posse
902 983 1010 1024 hanc
1040 984 1272 1025 cohiberier
1302 984 1419 1025 ullo?

348 1067 517 1108 corpore
548 1052 622 1108 qui
652 1058 794 1093 nostro
824 1066 942 1092 rarus
972 1051 1108 1108 magis
1137 1053 1175 1093 is
1205 1052 1465 1094 cohibessit?

405 1122 630 1163 Praeterea
659 1120 779 1176 gigni
809 1119 967 1175 pariter
996 1135 1092 1161 cum
1124 1135 1293 1175 corpore
1324 1127 1367 1162 et
1399 1135 1483 1162 una
1733 1129 1815 1174 445

350 1205 532 1232 crescere
563 1190 772 1230 sentimus
801 1189 1044 1244 pariterque
1075 1203 1290 1230 senescere
1322 1195 1522 1232 mentem.

349 1274 447 1301 nam
478 1259 596 1300 velut
626 1258 793 1299 infirmo
822 1257 944 1313 pueri
976 1263 1205 1312 teneroque
1236 1262 1446 1312 vagantur

350 1342 530 1382 corpore,
560 1328 619 1368 sic
649 1326 781 1367 animi
811 1326 1006 1380 sequitur
1035 1326 1249 1366 sententia
1279 1326 1428 1368 tenvis,

350 1396 448 1437 inde
479 1395 554 1437 ubi
582 1395 767 1436 robustis
797 1394 982 1435 adolevit
1012 1394 1172 1435 viribus
1202 1400 1330 1444 aetas,

350 1464 572 1505 consilium
602 1477 769 1518 quoque
799 1462 937 1503 maius
968 1468 1012 1503 et
1042 1462 1205 1503 auctior
1235 1467 1299 1503 est
1329 1462 1462 1503 animi
1494 1462 1568 1505 vis.
1735 1472 1821 1516 450

350 1538 445 1588 post
476 1532 551 1573 ubi
579 1531 665 1572 iarn
695 1530 847 1572 validis
878 1536 1125 1585 quassatum
1156 1535 1220 1571 est
1252 1530 1412 1572 viribus
1442 1531 1536 1572 aevi

352 1614 501 1654 corpus
531 1604 575 1640 et
606 1599 768 1640 obtusis
798 1597 1041 1639 ceciderunt
1072 1598 1234 1640 viribus
1263 1603 1394 1646 artus,

352 1668 561 1710 claudicat
590 1667 822 1722 ingenium,
853 1666 1004 1707 delirat
1035 1666 1192 1722 lingua,
1224 1666 1336 1708 labat
1366 1682 1496 1716 mens,

352 1736 494 1778 omnia
523 1735 727 1777 deficiunt
758 1740 887 1790 atque
918 1749 1003 1775 uno
1033 1739 1223 1789 tempore
1253 1734 1418 1777 desunt.

352 1819 450 1859 ergo
480 1804 654 1845 dissolui
685 1817 852 1858 quoque
882 1803 1079 1844 convenit
1111 1817 1279 1844 omnem
1310 1804 1468 1845 animai
1736 1814 1818 1858 455

351 1879 561 1922 naturam,
592 1887 668 1913 ceu
700 1872 852 1921 fumus,
882 1871 927 1912 in
958 1871 1066 1912 altas
1096 1871 1204 1912 aeris
1234 1885 1380 1922 auras3

352 1940 694 1996 quandoquidem
724 1939 845 1996 gigni
874 1939 1034 1994 pariter
1063 1939 1306 1994 pariterque
1338 1939 1531 1981 videmus

352 2024 534 2051 crescere
565 2014 621 2059 et,
650 2015 696 2051 ut
724 2008 859 2058 docui,
889 2008 1017 2049 simul
1047 2022 1149 2050 aevo
1181 2008 1289 2050 fessa
1320 2009 1467 2051 fatisci.

241 2167 323 2196 lare:
348 2165 490 2203 mazare,
509 2174 529 2194 v
544 2163 606 2194 463
622 2165 846 2203 Exalantque,
866 2173 901 2195 v1
916 2164 980 2197 478
995 2165 1099 2195 alitus
1115 2164 1183 2202 AB,
1207 2164 1360 2196 followed
1380 2164 1424 2204 by
1438 2164 1541 2196 Lach.
1567 2164 1642 2196 who
1662 2164 1743 2197 does
1762 2167 1824 2197 not

239 2217 391 2248 however
406 2216 491 2247 omit
506 2215 564 2247 the
579 2215 737 2255 aspirate,
757 2216 866 2247 where
881 2216 962 2256 only
977 2216 1006 2247 A
1021 2226 1059 2247 or
1074 2217 1102 2247 B
1118 2216 1203 2248 omit
1219 2217 1258 2254 it,
1275 2226 1313 2248 as
1335 2226 1361 2247 11
1379 2217 1441 2250 417
1457 2226 1477 2247 v
1494 2218 1555 2248 253
1572 2227 1606 2248 VI
1623 2217 1684 2248 811
1706 2217 1773 2249 and
1788 2228 1824 2250 1v

240 2271 303 2302 864
318 2280 352 2301 VI
368 2271 440 2302 221.
490 2271 619 2301 ‘exaza2
644 2269 713 2300 this
729 2270 817 2301 form
832 2269 861 2301 is
877 2270 983 2301 better
998 2270 1142 2302 attested
1157 2270 1201 2310 by
1216 2271 1353 2302 ancient
1376 2280 1457 2302 mss.
1480 2271 1565 2302 than
1587 2271 1645 2302 the
1665 2280 1824 2303 common

241 2323 412 2355 ecchalare'
428 2323 543 2362 Halm,
564 2323 631 2355 Cic.
648 2323 731 2363 phil.
756 2332 784 2354 11
805 2324 846 2354 30
867 2323 916 2355 ed.
943 2323 1072 2362 Mayor.
1118 2323 1202 2354 This
1224 2333 1332 2355 seems
1353 2323 1508 2355 doubtful
1529 2333 1612 2355 even
1633 2323 1670 2355 in
1691 2323 1822 2357 Cicero:

240 2377 295 2408 his
318 2377 515 2416 cosseagues,
539 2376 655 2408 Baiter
678 2376 774 2408 Tusc.
802 2386 816 2407 1
839 2377 880 2408 43
903 2386 931 2408 11
954 2377 995 2407 22
1018 2376 1086 2408 and
1109 2377 1237 2408 Jordan
1261 2377 1354 2408 Verr.
1379 2387 1422 2408 111
1444 2378 1486 2408 28
1508 2377 1617 2408 retain
1641 2379 1677 2410 h:
1709 2378 1746 2409 of
1765 2377 1824 2410 the

241 2430 367 2470 capital
382 2440 463 2461 mss,
481 2430 517 2461 of
531 2429 637 2470 Virgil
652 2430 731 2469 only
747 2429 783 2461 M
799 2439 907 2461 seems
923 2439 998 2461 ever
1014 2431 1049 2461 to
1065 2430 1150 2461 omit
1166 2430 1204 2462 it.
1364 2431 1426 2462 433
1444 2432 1520 2462 hinc
1536 2430 1647 2463 Bentl.
1663 2431 1716 2462 for
1731 2432 1822 2463 haec.
1847 2436 1852 2440 ”

241 2490 403 2526 (sanantur
417 2484 538 2516 Lamb.
555 2485 606 2516 for
620 2490 788 2524 yerzmtur.
986 2485 1050 2516 438
1068 2486 1164 2516 Ocius
1180 2484 1270 2517 Nico.
1290 2485 1318 2515 B
1335 2494 1419 2516 corr.
1436 2485 1489 2516 for
1507 2485 1619 2525 Opius.
1665 2488 1702 2517 in
1713 2484 1825 2518 ‘added

242 2541 287 2581 by
302 2541 330 2571 B
346 2549 429 2571 corr.
589 2539 652 2570 441
671 2540 759 2571 Cum.
813 2539 916 2578 Quam
931 2539 1017 2570 Mar.
1035 2538 1130 2570 Junt.
1149 2538 1245 2570 Wak.
1261 2538 1365 2571 Lach.
1527 2539 1590 2570 444
1605 2541 1635 2570 is
1651 2540 1824 2571 cohibessit

242 2595 346 2626 Lach.
365 2594 416 2625 for
431 2594 653 2626 incohibescit.
699 2603 751 2624 am
766 2594 937 2625 cohibessz't
951 2592 1071 2624 Lamb.
1090 2592 1157 2623 Gif.
1195 2593 1405 2624 incohibessit
1422 2593 1517 2624 Wak.
1554 2603 1655 2634 usque
1672 2594 1825 2633 liquescit

243 2647 343 2678 Bern.
390 2648 427 2678 in
449 2657 511 2687 quo
534 2647 658 2677 habitet
674 2647 718 2677 sit
733 2645 797 2677 Ed.
813 2646 849 2677 in
864 2646 963 2677 small
979 2645 1048 2677 ed.:
1073 2647 1110 2676 in
1126 2655 1188 2685 quo
1202 2645 1313 2685 might
1328 2645 1368 2677 be
1383 2645 1504 2677 looked
1526 2655 1570 2677 on
1591 2655 1629 2677 as
1649 2654 1714 2677 one
1733 2645 1825 2678 word

245 2701 313 2733 and
327 2700 385 2731 the
401 2699 521 2731 elision
537 2699 618 2730 thus
633 2698 814 2737 defended3
838 2698 897 2730 but
913 2708 966 2729 see
980 2697 1060 2729 Luc.
1082 2697 1221 2729 Mueller
1237 2697 1276 2729 de
1297 2707 1332 2728 re
1353 2700 1450 2729 metr.
1467 2707 1499 2736 p.
1521 2698 1584 2729 284
1604 2697 1673 2729 and
1691 2699 1787 2730 notes
1804 2700 1824 2729 2

244 2759 279 2785 to
295 2765 308 2785 1
325 2755 418 2786 1091.
520 2753 583 2784 450
598 2754 727 2783 auctior
741 2753 769 2782 B
786 2762 867 2784 corr.
888 2752 978 2783 Nico.
995 2761 1077 2783 corr.
1100 2750 1151 2792 (27),
1168 2751 1255 2782 Flor.
1277 2751 1317 2782 31
1334 2750 1451 2782 Camb.
1468 2750 1520 2781 for
1536 2755 1658 2782 auctor.
1760 2751 1823 2783 453

247 2811 371 2848 linqua,
395 2809 486 2839 labat
508 2817 594 2838 mens
617 2805 722 2837 Lach.
746 2807 798 2837 for
822 2807 938 2846 lingua
959 2815 1057 2837 mens.
1105 2806 1220 2844 linqua
1241 2805 1349 2836 madet
1369 2814 1454 2836 mens
1476 2804 1504 2835 B
1525 2813 1609 2835 corr.
1635 2804 1723 2835 from
1749 2806 1824 2838 479.

248 2864 423 2901 linquaque
438 2870 587 2900 mensque
605 2859 695 2890 Nico.
712 2860 801 2899 vulg.
940 2859 1003 2890 456
1018 2860 1105 2890 aeris
1122 2858 1178 2890 old
1194 2858 1261 2891 eds.
1282 2858 1332 2890 for
1348 2860 1446 2889 acris.
1586 2858 1649 2889 458
1663 2863 1702 2890 ut
1717 2858 1825 2890 added

247 2916 290 2955 'oy
310 2915 336 2945 B
357 2924 439 2946 corr.
481 2915 602 2954 fatisci
622 2913 715 2944 Nico.
740 2912 830 2944 Flor.
852 2913 891 2944 31
916 2912 1031 2944 Camb.
1059 2912 1133 2944 Vat.
1159 2912 1253 2943 Mon.
1277 2912 1387 2944 Bentl.
1415 2912 1466 2943 for
1481 2913 1597 2952 faeti&
1636 2912 1773 2952 fatiscit
1794 2913 1823 2944 B
