1997 3267
260 217 311 258 72
1041 203 1065 245 I

371 328 454 368 quo
485 312 614 354 fuerit
645 313 823 353 missum
854 312 989 353 mavis
1019 312 1228 367 longeque
1259 311 1413 360 volare,

370 397 426 422 an
455 381 678 436 prohibere
709 380 872 435 aliquid
903 395 1048 421 censes
1079 380 1333 434 obstareque
1364 380 1521 434 posse?

371 452 628 493 alterutrum
660 451 833 492 fatearis
864 451 977 491 enim
1009 465 1237 505 sumasque
1266 455 1490 491 necessest.

370 534 549 575 quorum
580 524 811 574 utrumque
842 519 925 560 tibi
955 518 1163 574 effugium
1194 518 1432 573 praecludit
1464 524 1507 559 et
1539 533 1663 560 omne
1735 539 1738 541 ·
1765 528 1846 573 975

370 588 484 644 cogit
514 593 564 629 ut
596 593 797 642 exempta
827 587 1030 627 concedas
1062 587 1145 628 fine
1176 592 1335 642 patere.

368 672 468 698 nam
499 656 587 697 sive
618 662 682 697 est
712 656 866 710 aliquit
898 656 1011 711 quod
1040 656 1218 711 probeat
1250 656 1491 710 efficiatque

369 724 586 780 quominu'
617 739 700 780 quo
731 724 910 764 missum
941 728 1006 764 est
1037 724 1182 765 veniat
1213 723 1374 779 finique
1406 723 1515 764 locet
1546 737 1602 772 se,

369 792 457 833 sive
487 792 595 833 foras
626 792 772 841 fertur,
801 806 888 832 non
918 796 983 832 est
1013 806 1039 832 a
1068 791 1153 832 fine
1183 791 1434 846 profectum.

368 860 446 902 hoc
475 867 601 916 pacto
631 875 784 916 sequar
813 866 956 915 atque,
986 875 1078 902 oras
1109 861 1369 915 ubicumque
1400 859 1550 901 locaris
1762 861 1849 914 980

369 935 591 979 extremas,
623 945 825 985 quaeram
857 930 961 984 quid
991 930 1078 971 telo
1109 929 1294 984 denique
1325 929 1412 971 fiat.

368 999 443 1039 fiet
474 999 541 1039 uti
569 1013 781 1053 nusquam
813 998 946 1053 possit
977 998 1205 1039 consistere
1236 997 1332 1039 finis

369 1067 659 1123 effugiumque
692 1068 817 1123 fugae
847 1067 1033 1122 prolatet
1063 1067 1184 1122 copia
1214 1082 1389 1122 semper.

254 1139 337 1189 998
368 1141 582 1191 postremo
611 1142 713 1178 ante
743 1137 886 1178 oculos
916 1151 981 1178 res
1012 1151 1102 1178 rem
1134 1137 1254 1178 finire
1287 1137 1482 1189 videtur3

367 1220 439 1247 aer
468 1205 674 1261 dissaepit
704 1206 820 1247 collis
851 1212 981 1261 atque
1012 1221 1109 1247 aera
1140 1211 1318 1256 montes,
1764 1207 1845 1261 985

368 1280 481 1316 terra
510 1290 626 1316 mare
656 1280 701 1317 et
731 1280 877 1316 contra
907 1289 1022 1315 mare
1053 1281 1187 1316 terras
1218 1275 1422 1316 terminat
1454 1275 1613 1328 omnis;

368 1355 492 1382 omne
523 1341 697 1396 quidem
728 1356 826 1382 vero
856 1341 917 1381 nil
949 1347 1013 1382 est
1043 1342 1156 1396 quod
1187 1341 1310 1383 finiat
1341 1348 1471 1383 extra.

253 1412 339 1462 984
426 1410 653 1451 Praeterea
681 1409 869 1464 spatium
901 1410 1083 1450 summai
1114 1410 1249 1451 totius
1280 1425 1404 1451 omne

367 1478 555 1534 undique
586 1478 623 1519 si
651 1478 865 1519 inclusum
896 1477 1022 1518 certis
1053 1477 1303 1518 consisteret
1334 1477 1417 1519 oris

366 1547 621 1603 finitumque
653 1547 772 1596 foret,
802 1547 888 1587 iam
919 1546 1041 1600 copia
1071 1546 1267 1587 materiai
1762 1556 1848 1600 990

365 1617 555 1672 undique
585 1616 843 1671 ponderibus
874 1615 1018 1657 solidis
1049 1615 1264 1656 confluxet
1295 1614 1348 1655 ad
1379 1615 1514 1656 imum

365 1700 443 1726 nec
471 1700 538 1727 res
567 1686 655 1727 ulla
684 1685 776 1742 geri
805 1685 886 1727 sub
916 1684 1023 1726 caeli
1053 1683 1242 1740 tegmine
1273 1690 1414 1737 posset

365 1768 444 1795 nec
474 1754 581 1795 foret
612 1754 784 1795 omnino
816 1753 982 1795 caelum
1013 1767 1152 1808 neque
1183 1752 1347 1793 lumina
1376 1751 1486 1792 solis.

253 1834 339 1874 990
369 1822 527 1877 quippe
558 1821 634 1863 ubi
664 1821 865 1863 materies
897 1821 1035 1863 omnis
1066 1820 1285 1862 cumulata
1314 1820 1473 1860 iaceret

367 1906 419 1932 ex
449 1890 618 1931 infinito
648 1891 734 1932 iam
765 1896 958 1946 tempore
988 1890 1255 1932 subsidendo.
1762 1896 1843 1941 995

365 1965 410 2000 at
440 1974 554 2000 nunc
584 1959 788 2000 nimirum
819 1959 986 2014 requies
1019 1960 1120 2000 data
1149 1957 1454 2014 principiorum

365 2026 608 2082 corporibus
637 2027 809 2076 nullast,
841 2027 942 2082 quia
971 2027 1032 2067 nil
1064 2033 1128 2068 est
1158 2026 1351 2067 funditus
1381 2025 1515 2066 imum

365 2110 449 2151 quo
481 2094 602 2150 quasi
632 2095 844 2136 confluere
875 2100 920 2136 et
950 2095 1071 2136 sedes
1102 2095 1177 2136 ubi
1207 2109 1362 2150 ponere
1393 2094 1568 2148 possint.

250 2175 330 2217 995
365 2179 531 2219 semper
560 2164 606 2204 in
635 2163 814 2205 adsiduo
845 2169 966 2204 motu
996 2178 1062 2204 res
1093 2176 1288 2217 quaeque
1318 2167 1527 2216 geruntur

362 2232 557 2288 partibus
587 2246 608 2274 e
637 2231 802 2272 cunctis
831 2231 1081 2285 infernaque
1112 2229 1442 2285 suppeditantur
1736 2241 1846 2271 1000

250 2353 287 2384 in
302 2354 436 2393 margin
451 2352 587 2393 explain
602 2354 765 2384 invalidis
783 2362 821 2384 as
841 2354 937 2383 valde
957 2352 1093 2383 validis.
1268 2352 1330 2383 977
1351 2352 1475 2390 officiat
1494 2349 1615 2381 Lamb.
1631 2349 1760 2390 rightly
1775 2349 1843 2381 and

249 2407 361 2439 before
390 2407 464 2438 him
495 2407 666 2447 Gryphius
697 2407 733 2437 of
760 2407 874 2446 Lyons
906 2407 989 2438 1534
1020 2405 1088 2437 and
1119 2406 1202 2437 1540
1232 2405 1284 2436 for
1315 2407 1445 2445 efficiat,
1476 2405 1563 2435 after
1593 2403 1651 2435 the
1681 2406 1843 2435 constant

250 2471 352 2501 usage
374 2461 411 2492 of
431 2461 552 2493 Lucr.:
585 2470 622 2491 so
645 2460 730 2500 Livy
753 2470 788 2491 1v
813 2461 853 2491 31
882 2461 901 2491 5
928 2460 1065 2499 Madvig
1092 2460 1178 2491 after
1205 2460 1312 2490 Faber
1339 2458 1435 2490 reads
1462 2459 1571 2499 offecit
1600 2459 1696 2500 (mss.
1721 2458 1841 2499 effecit)
1907 2470 1911 2473 ·

250 2517 430 2556 quominus.
475 2514 579 2545 Lach.
596 2515 696 2554 keeps
712 2516 843 2553 efficiat.
889 2514 972 2554 [But
988 2514 1040 2545 for
1056 2515 1177 2553 efficiat
1193 2523 1247 2544 see
1268 2513 1323 2543 lex
1343 2512 1407 2543 col.
1425 2512 1611 2543 Genetivae
1631 2521 1660 2542 11
1679 2512 1701 2542 4
1722 2513 1741 2544 ’7
1762 2517 1843 2542 neve

250 2572 324 2610 quis
333 2571 453 2610 facito,
470 2579 532 2609 quo
548 2571 655 2600 minus
672 2571 723 2600 ita
739 2579 829 2608 aqua
845 2569 1013 2608 ducatur]
1145 2569 1283 2607 981fiat
1299 2567 1390 2598 Nico.
1408 2567 1459 2598 for
1471 2568 1546 2607 fiet.
1670 2566 1842 2598 984—987

251 2623 468 2665 (998—1001)
486 2623 502 2654 Ι
517 2623 603 2654 have
619 2623 794 2654 elsewhere
810 2622 935 2662 proved
951 2621 1074 2653 should
1090 2631 1185 2652 come
1201 2621 1237 2651 in
1254 2620 1323 2652 this
1340 2621 1447 2660 place.
1599 2619 1663 2652 989
1679 2620 1842 2650 inclusum

250 2678 341 2708 Nice.
359 2678 410 2708 for
426 2679 582 2709 inclusus.
729 2677 790 2708 991
807 2679 969 2716 confluoeet
984 2676 1073 2707 Flor.
1095 2677 1135 2706 31
1153 2676 1229 2706 first
1245 2675 1297 2706 for
1317 2675 1488 2714 confluxit.
1637 2673 1700 2705 997
1716 2674 1842 2704 nullast

250 2732 399 2763 Politian
414 2732 448 2762 in
467 2741 572 2770 marg.
590 2730 677 2762 Flor.
698 2731 739 2762 29
755 2730 832 2760 Ver.
851 2730 936 2761 Ven.
954 2730 1075 2761 Heins.
1092 2729 1129 2760 in
1146 2739 1209 2760 ms.
1226 2731 1324 2760 notes
1340 2728 1392 2759 for
1407 2728 1528 2758 nullas.

293 2785 355 2816 998
373 2789 504 2824 possmt
526 2783 600 2814 Ald.
627 2784 644 2813 1
668 2783 764 2813 Junt.
788 2783 840 2813 for
858 2784 974 2822 possit.
1086 2783 1170 2814 1000
1194 2792 1209 2813 e
1233 2780 1388 2821 supplied
1411 2781 1453 2820 by
1476 2780 1568 2811 Mon.
1591 2778 1661 2810 and
1683 2778 1789 2810 Lach.
1811 2778 1842 2811 is

251 2838 359 2869 better
374 2838 460 2869 than
475 2839 513 2869 in
528 2838 564 2868 of
577 2837 662 2868 Mar.
680 2836 748 2868 and
764 2836 856 2867 older
877 2837 1013 2869 editors.
1190 2837 1324 2875 inferna
1344 2834 1374 2865 is
1395 2834 1489 2873 quite
1509 2832 1618 2872 right:
1647 2842 1701 2864 see
1722 2833 1840 2864 Camb.

252 2893 369 2924 Journ.
390 2893 426 2923 of
440 2892 522 2932 phil.
541 2902 553 2922 1
568 2901 601 2932 p.
616 2893 667 2922 33.
705 2891 810 2922 Lach.
827 2891 976 2930 wrongly
991 2890 1120 2921 follows
1136 2890 1219 2921 Mar.
1240 2889 1314 2919 Ald.
1333 2889 1350 2919 1
1368 2889 1462 2919 Junt.
1478 2887 1596 2919 Lamb.
1614 2889 1677 2918 etc.
1693 2886 1731 2918 in
1746 2888 1840 2919 read·

251 2945 309 2985 ing
332 2951 525 2984 aeternaque
550 2944 618 2975 and.
641 2943 725 2975 adds
747 2943 814 2974 ‘rei
836 2943 1085 2980 convenienter,
1103 2942 1258 2982 quamvis
1281 2951 1376 2972 secus
1398 2940 1554 2972 videatur
1575 2940 1783 2973 Wakefieldo
1805 2943 1841 2974 et
