1997 3267
286 183 364 234 146
1035 175 1107 216 111

394 300 575 329 conexae
605 299 743 340 neque
774 297 1003 325 consensus
1033 281 1231 338 contagia
1261 282 1377 323 fient.
1787 291 1874 334 740

452 354 648 409 Denique
679 368 753 394 cur
783 351 889 393 acris
919 351 1124 392 violentia
1155 351 1277 392 triste
1310 350 1480 392 leonum

395 422 622 464 seminium
652 420 856 476 sequitur,
888 419 1032 474 volpes
1062 419 1195 469 dolus,
1225 423 1269 459 et
1300 418 1401 474 fuga
1431 432 1586 469 cervos,

402 503 429 528 A
458 501 654 528 PATRIBUS
682 500 820 526 DATUR
849 499 898 525 ΕΤ
927 499 954 525 A
983 499 1152 525 PArmus
1183 498 1314 525 PAvoR
1341 499 1502 526 INOITAT
1531 500 1660 526 ARTUS

396 562 441 598 et
472 556 557 597 iam
588 559 729 596 cetera
759 554 812 595 de
842 568 997 609 genere
1028 553 1106 594 hoc
1137 568 1211 593 cur
1242 553 1383 594 omnia
1414 553 1616 595 membris

397 640 447 666 ex
479 624 658 665 ineunte
688 638 791 664 aevo
822 627 1106 677 generascunt
1136 621 1405 677 ingenioque,
1790 632 1869 675 745

396 693 432 735 si
462 707 556 741 non,
588 697 702 732 certa
732 705 808 731 suo
839 689 940 745 quia
969 689 1130 731 semine
1161 689 1424 745 seminioque

396 761 460 803 vis
490 760 623 802 animi
652 760 812 815 pariter
842 758 992 800 crescit
1022 774 1119 800 cum
1151 773 1321 813 corpore
1352 761 1475 800 toto?

397 828 509 884 quod
539 827 575 869 si
605 826 841 867 inmortalis
872 826 980 867 foret
1011 830 1055 867 et
1086 831 1254 867 mutare
1285 825 1439 868 soleret

397 911 578 951 corpora,
609 895 832 950 permixtis
863 895 1102 936 animantes
1134 895 1324 936 moribus
1356 902 1511 946 essent.

397 966 605 1020 effugeret
635 963 750 1005 canis
780 963 980 1019 Hyrcano
1011 964 1063 1005 de
1094 963 1255 1005 semine
1286 978 1411 1018 saepe
1790 975 1876 1019 750

397 1031 603 1088 cornigeri
634 1031 851 1072 incursum
883 1031 995 1072 cervi
1025 1036 1313 1086 tremeretque
1345 1046 1421 1087 per
1452 1047 1577 1074 auras

397 1102 504 1143 aeris
534 1101 738 1156 accipiter
768 1101 936 1156 fugiens
965 1101 1165 1142 veniente
1198 1101 1404 1151 columba,

397 1171 639 1227 desiperent
670 1170 872 1219 homines,
903 1175 1102 1225 saperent
1133 1171 1220 1211 fera
1250 1170 1387 1211 saecla
1419 1171 1615 1212 ferarum.

397 1240 503 1281 illud
534 1240 647 1282 enim
678 1239 782 1280 falsa
813 1240 948 1280 fertur
977 1240 1152 1289 ratione,
1182 1240 1296 1294 quod
1326 1240 1450 1282 aiunt

398 1308 668 1350 inmortalem
700 1308 887 1348 animam
918 1313 1085 1349 mutato
1116 1323 1286 1363 corpore
1318 1309 1443 1350 flecti.
1791 1320 1872 1364 755

398 1377 511 1433 quod
542 1383 737 1418 mutatur
767 1377 881 1418 enim
913 1377 1172 1427 dissolvitur,
1203 1378 1352 1419 interit
1384 1393 1509 1434 ergo3

398 1446 655 1487 traiciuntur
685 1445 798 1487 enim
829 1451 972 1500 partes
1003 1451 1132 1501 atque
1164 1446 1310 1487 ordine
1340 1446 1551 1503 migrant;

399 1529 527 1569 quare
559 1514 734 1555 dissolui
765 1529 932 1569 quoque
964 1514 1122 1556 debent
1152 1529 1273 1570 posse
1304 1530 1380 1570 per
1409 1521 1538 1565 artus,

398 1582 582 1638 denique
612 1588 662 1624 ut
693 1582 908 1624 intereant
940 1597 1025 1623 una
1055 1598 1152 1624 cum
1184 1598 1354 1638 corpore
1386 1590 1574 1626 cunctae.

400 1651 465 1693 sin
495 1651 658 1692 animas
689 1651 910 1692 hominum
941 1651 1085 1693 dicent
1116 1652 1162 1692 in
1192 1667 1364 1707 corpora
1393 1667 1562 1708 semper
1792 1654 1877 1707 760

399 1721 459 1762 ire
490 1721 688 1770 humana,
719 1726 865 1762 tamen
896 1735 1096 1776 quaeram
1127 1736 1202 1762 cur
1233 1736 1255 1762 e
1286 1721 1471 1776 sapienti

400 1791 535 1833 stulta
566 1795 696 1845 queat
727 1790 830 1839 fieri,
861 1805 938 1831 nec
969 1789 1155 1845 prudens
1186 1789 1242 1831 sit
1272 1805 1379 1845 puer
1409 1790 1522 1831 ullus

399 1876 477 1903 nec
509 1866 598 1902 tam
629 1859 779 1901 doctus
811 1874 944 1914 equae
975 1858 1118 1914 pullus
1149 1873 1278 1913 quam
1309 1858 1430 1900 fortis
1461 1859 1560 1914 equi
1589 1859 1662 1902 vis.

400 1931 560 1973 scilicet
590 1930 635 1971 in
665 1935 812 1972 tenero
843 1935 1104 1971 tenerascere
1135 1943 1304 1984 corpore
1337 1935 1526 1970 mentem
1794 1933 1875 1982 765

400 1999 656 2054 confugient.
717 1997 829 2053 quod
860 1997 903 2038 si'
926 1997 1011 2038 iam
1042 1997 1103 2046 fit,
1134 1997 1293 2038 fateare
1323 2002 1535 2038 necessest

402 2066 625 2108 mortalem
656 2079 746 2106 esse
777 2064 975 2113 animam,
1010 2064 1209 2119 quoniam
1241 2069 1411 2105 mutata
1441 2078 1516 2119 per
1545 2069 1663 2106 artus

401 2140 522 2176 tanto
553 2148 677 2189 opere
708 2133 873 2174 amittit
904 2133 1037 2174 vitam
1069 2147 1323 2188 sensumque
1354 2133 1546 2188 priorem.

403 2218 537 2259 quove
569 2203 691 2244 modo
722 2202 880 2257 poterit
911 2202 1071 2257 pariter
1101 2217 1197 2243 cum
1229 2216 1399 2257 corpore
1431 2216 1598 2257 quoque

402 2271 649 2312 confirmata
679 2270 874 2325 cupitum
905 2269 1060 2311 aetatis
1092 2275 1266 2325 tangere
1297 2269 1442 2310 florem
1797 2282 1881 2325 770

289 2387 411 2420 litteris
427 2386 571 2418 nimium
587 2387 768 2418 recedere'.
909 2387 972 2417 740
987 2396 1156 2417 consensus
1171 2385 1278 2416 Lach.
1296 2385 1348 2416 for
1363 2395 1527 2418 consensu.
1676 2387 1737 2418 743
1753 2387 1882 2429 rightly

290 2441 431 2482 rejected
454 2440 498 2480 by
518 2440 623 2471 Lach.
646 2440 714 2471 and
734 2439 847 2471 before
866 2438 941 2470 him
962 2439 1007 2480 by
1027 2448 1047 2470 a
1073 2439 1211 2470 ‘doetus
1233 2438 1386 2478 quidam‘
1402 2448 1455 2479 ap.
1476 2438 1595 2472 Lamb.
1621 2449 1659 2471 as
1679 2449 1699 2472 a
1719 2441 1882 2474 manifest

291 2495 451 2527 sarcastic
473 2495 574 2534 gloss,
599 2494 710 2525 which
733 2494 920 2534 interrupts
944 2503 1039 2525 sense
1062 2493 1130 2524 and
1152 2493 1404 2524 construction:
1430 2492 1513 2523 Ven.
1539 2492 1613 2524 Ald.
1640 2493 1670 2531 1,
1695 2496 1757 2525 not
1777 2495 1878 2528 Pont.

293 2550 374 2581 Mar.
396 2559 432 2580 or
448 2548 554 2584 Junt.‚
570 2547 650 2578 read
662 2549 766 2578 cervis
782 2547 834 2578 for
849 2557 970 2579 cervos.
1015 2546 1135 2578 Lamb.
1155 2547 1243 2577 dolu’
1260 2547 1412 2586 vulpibus
1428 2546 1512 2577 also.
1679 2548 1741 2580 747
1758 2553 1824 2580 toto
1839 2550 1880 2587 B,

295 2614 419 2645 quoque
435 2603 465 2634 A
480 2602 548 2634 and
568 2602 614 2634 all
633 2602 730 2633 other
750 2612 831 2633 mss.
854 2602 922 2634 and
943 2601 999 2633 old
1019 2601 1088 2633 eds.
1135 2605 1221 2633 ‘toto
1241 2601 1398 2641 praetuli,
1419 2601 1500 2640 quia
1519 2610 1590 2632 non
1610 2611 1750 2642 possum
1771 2602 1879 2635 ullam

292 2662 401 2690 artem
431 2666 608 2697 agnoscere
638 2656 674 2686 in
707 2655 811 2686 simili
834 2656 897 2687 hoc
920 2655 1026 2687 trium
1049 2655 1291 2686 versiculorum
1314 2655 1417 2692 exitu,
1442 2656 1647 2695 inyenioque,
1673 2658 1880 2698 seminioque,

292 2721 423 2752 corpore
454 2720 587 2751 quoque.
633 2719 703 2740 non
733 2711 845 2750 potest
869 2712 984 2741 autem
1008 2708 1157 2740 dubitari
1181 2709 1265 2748 quin
1289 2710 1431 2747 utraque
1455 2708 1622 2748 scriptura
1644 2708 1747 2740 fuerit
1769 2709 1806 2741 in
1829 2721 1880 2742 ar-

294 2766 436 2805 chetypo
447 2765 454 2779 ²
470 2763 574 2796 Lach.
622 2762 740 2794 Lamb.
757 2763 829 2794 also
844 2762 908 2794 has
925 2767 1009 2794 toto:
1035 2772 1160 2802 quoque
1177 2771 1284 2793 seems
1300 2771 1320 2793 a
1336 2762 1426 2801 gloss
1442 2761 1530 2792 from
1546 2762 1618 2794 769.
1751 2762 1813 2796 760
1828 2766 1881 2795 sin

294 2820 391 2850 Pont.
408 2818 491 2850 Mar.
509 2817 585 2848 Ald.
607 2818 623 2847 1
646 2817 742 2848 Junt.
764 2817 815 2848 for
835 2819 894 2848 sic.
941 2826 1076 2856 corpora
1098 2817 1125 2847 B
1146 2825 1230 2846 corr.
1254 2818 1317 2847 etc.
1340 2816 1392 2847 for
1413 2826 1556 2855 corpore.
1687 2816 1880 2851 763=7462

294 2874 330 2904 of
358 2882 474 2904 course
505 2882 524 2903 a
547 2871 646 2911 gloss,
674 2870 756 2901 with
780 2881 824 2901 no
847 2870 1037 2901 connexion
1061 2869 1143 2901 with
1167 2869 1225 2900 the
1248 2872 1329 2901 text.
1377 2869 1478 2900 Bern.
1502 2868 1653 2901 includes
1677 2871 1740 2902 764
1762 2871 1798 2902 in
1823 2872 1880 2904 the

295 2928 394 2966 gloss,
420 2925 457 2956 in
480 2935 537 2965 my
560 2924 700 2964 opinion
723 2927 783 2956 not
805 2924 941 2965 rightly.
1085 2924 1146 2956 764
1165 2924 1276 2963 pullus
1301 2922 1392 2954 Nice.
1417 2923 1470 2954 for
1486 2923 1622 2963 paulu&
1761 2925 1823 2958 784
1846 2927 1880 2958 in
