1997 3267
951 167 986 207 V
1689 182 1767 224 245

271 274 471 317 laudibus
502 280 547 317 et
578 274 686 317 miro
716 280 783 318 est
814 275 1007 318 mortalis
1038 276 1153 318 inter
1183 276 1353 320 honore.
1664 283 1772 323 1280

330 343 460 385 Nunc
491 343 574 386 tibi
605 358 690 400 quo
720 350 847 400 pacto
878 343 978 386 ferri
1009 350 1166 386 natura
1195 350 1366 401 reperta

269 412 328 455 sit
361 413 527 456 facilest
558 413 641 470 ipsi
672 428 748 469 per
778 419 823 456 te
855 427 1119 470 cognoscere,
1153 414 1344 457 Memmi.

269 496 391 525 arma
419 483 602 540 antiqua
631 498 785 525 manus
816 498 984 540 ungues
1015 483 1254 540 dentesque
1286 485 1461 527 fuerunt

271 557 317 593 et
348 551 513 608 lapides
543 557 589 594 et
619 552 726 594 item
758 551 962 594 silvarum
996 552 1210 608 fragmina
1241 553 1359 602 rami,

270 626 317 663 et
338 621 513 663 flamma
538 627 670 678 atque
697 621 830 679 ignes,
851 628 1082 678 postquam
1105 628 1209 664 sunt
1230 623 1403 679 cognita
1425 623 1621 680 primum.
1662 627 1764 678 1285

271 690 485 746 posterius
517 691 616 732 ferri
648 690 712 732 vis
743 696 809 733 cst
839 690 1035 746 aerisque
1066 699 1247 747 reperta.

269 765 316 802 et
347 759 462 815 prior
491 759 602 802 aeris
633 766 726 802 erat
759 775 889 817 quam
924 761 1022 802 ferri
1052 761 1251 818 cognitus
1282 776 1397 811 usus,

270 842 355 884 quo
386 828 522 870 facilis
552 829 690 886 magis
724 835 791 871 est
822 835 979 871 natura
1010 835 1055 872 ct
1086 830 1207 886 copia
1238 831 1382 873 maior.

269 912 367 940 aere
396 898 534 940 solum
566 903 704 941 terrae
737 898 997 947 tractabant,
1027 914 1210 955 aereque
1241 899 1343 941 bclli

270 968 510 1011 miscebant
539 968 698 1010 fluctus
729 974 774 1011 et
808 969 986 1010 vulnera
1018 975 1138 1011 vasta
1168 969 1369 1011 serebant
1658 982 1766 1024 1290

270 1042 315 1079 et
346 1051 477 1094 pecus
507 1043 639 1094 atque
670 1053 793 1094 agros
823 1038 1099 1090 adimebant;
1141 1054 1240 1080 nam
1274 1039 1395 1081 facile
1427 1039 1521 1081 ollis

269 1106 415 1149 omnia
443 1107 654 1149 cedebant
683 1107 862 1149 armatis
892 1108 1008 1149 nuda
1039 1114 1084 1150 et
1115 1108 1290 1152 inerma.

269 1177 370 1219 inde
401 1176 654 1219 minutatim
690 1176 895 1233 processit
927 1177 1088 1219 ferreus
1119 1179 1234 1219 ensis

270 1260 475 1302 versaque
507 1246 552 1288 in
584 1245 860 1302 obprobrium
892 1246 1056 1302 species
1086 1252 1147 1289 est
1179 1247 1298 1289 falcis
1329 1247 1503 1298 ahenae,

269 1321 316 1358 et
347 1316 455 1358 ferro
485 1331 662 1372 coepere
693 1316 831 1358 solum
865 1316 1134 1372 proscindere
1167 1324 1305 1358 terrae
1660 1329 1764 1372 1295

270 1391 595 1441 exaequataque
627 1391 730 1427 sunt
762 1385 926 1442 creperi
957 1385 1193 1428 certamina
1223 1385 1335 1428 belli.

269 1460 316 1497 ct
346 1454 465 1510 prius
496 1460 563 1496 est
593 1460 811 1496 armatum
844 1454 887 1495 in
920 1454 1020 1511 equi
1052 1455 1334 1498 conscendere
1365 1462 1503 1498 costas

269 1529 315 1566 et
344 1523 604 1566 moderarier
634 1523 749 1566 hunc
782 1523 912 1566 frenis
943 1524 1181 1581 dextraque
1213 1524 1358 1581 vigere

268 1607 400 1649 quam
431 1592 580 1650 biiugo
611 1607 738 1635 curru
770 1593 873 1635 belli
905 1599 1120 1649 temptare
1152 1594 1322 1649 pericla.

269 1668 315 1705 et
343 1661 514 1719 biiugos
543 1663 663 1719 prius
694 1669 761 1705 est
792 1678 922 1719 quam
954 1663 1020 1705 bis
1051 1663 1309 1720 coniungere
1341 1663 1464 1706 binos
1659 1676 1769 1718 1300

267 1739 314 1775 et
343 1747 473 1789 quam
505 1732 715 1774 falciferos
745 1738 961 1774 armatum
994 1732 1220 1774 escendere
1253 1747 1412 1776 currus.

266 1800 368 1842 inde
398 1800 528 1842 boves
559 1800 676 1842 lucas
708 1800 864 1842 turrito
895 1815 1081 1856 corpore,
1112 1806 1286 1851 taetras,

268 1869 568 1926 anguimanus,
599 1869 703 1912 belli
734 1869 974 1912 docuerunt
1006 1870 1179 1912 volnera
1211 1871 1344 1913 Poeni

267 1939 446 1982 sufferre
477 1945 522 1981 et
552 1954 732 1996 magnas
763 1939 916 1982 Martis
947 1939 1122 1982 turbare
1153 1946 1358 1983 catervas.

268 2009 330 2051 sic
359 2009 448 2051 alid
479 2023 532 2051 ex
563 2009 647 2051 alio
678 2009 847 2066 peperit
879 2009 1091 2052 discordia
1120 2011 1269 2062 tristis,
1659 2022 1762 2066 1305

269 2080 472 2124 horribile
503 2081 705 2122 humanis
736 2080 851 2137 quod
881 2081 1087 2138 gentibus
1118 2087 1230 2123 esset
1260 2081 1306 2123 in
1337 2082 1478 2134 armis,

269 2150 402 2208 inque
433 2150 525 2192 dies
556 2150 660 2192 belli
691 2150 927 2193 terroribus
957 2150 1127 2193 addidit
1158 2165 1355 2208 augmen.

327 2219 618 2276 Temptarunt
649 2218 782 2261 etiam
814 2225 960 2261 tauros
991 2219 1037 2261 in
1068 2234 1266 2262 moenere
1297 2219 1401 2262 belli

268 2289 522 2345 expertique
553 2303 651 2331 sues
681 2303 830 2331 saevos
860 2294 964 2331 sunt
996 2288 1171 2331 mittere
1202 2288 1248 2330 in
1279 2288 1425 2332 hostis.

269 2363 315 2400 et
345 2357 507 2400 validos
538 2358 697 2413 partim
728 2372 830 2413 prae
861 2371 906 2400 se
937 2357 1091 2400 misere
1123 2357 1268 2400 leones
1659 2370 1768 2410 1310

151 2515 264 2550 added
277 2515 323 2556 by
337 2515 432 2548 Brix.
448 2515 548 2548 Pont.
570 2515 656 2548 Mar.
752 2515 837 2548 1285
851 2517 992 2556 flamma
1008 2520 1108 2556 atque
1123 2514 1152 2547 B
1168 2525 1254 2548 corr.
1275 2515 1367 2547 Flor.
1385 2516 1426 2547 31
1443 2515 1561 2548 Camb.
1578 2516 1599 2548 4
1614 2515 1691 2550 Vat.
1713 2516 1766 2549 for

146 2575 365 2614 flammatque
381 2572 486 2612 iqraes.
523 2571 682 2611 flammae
697 2575 798 2612 atque
814 2570 900 2602 Mar.
918 2570 1063 2610 Nauger.
1083 2570 1205 2603 Lamb.
1221 2573 1285 2603 etc.
1439 2571 1524 2604 1294
1547 2572 1765 2612 obprobrium.

152 2629 326 2660 obscenum
340 2626 388 2658 all
405 2625 463 2658 the
478 2635 562 2657 mss.
577 2625 614 2657 of
628 2625 778 2658 Macrob.
793 2627 859 2657 sat.
870 2635 905 2657 v1
923 2626 941 2656 1
959 2626 1011 2662 63,
1023 2624 1169 2657 conated
1184 2625 1228 2665 by
1243 2625 1367 2658 Ianus:
1392 2634 1413 2658 a
1428 2625 1566 2658 curious
1580 2625 1760 2660 variation.

153 2681 257 2714 Lach.
277 2680 353 2712 who
369 2679 545 2720 depended
559 2689 606 2711 on
621 2689 667 2711 an
683 2679 740 2711 old
755 2679 887 2711 edition
902 2679 938 2711 of
957 2679 1165 2717 Macrobius,
1181 2679 1212 2711 is
1227 2679 1401 2712 mistaken
1420 2679 1458 2711 in
1477 2679 1666 2721 supposing
1686 2680 1765 2713 that

153 2738 323 2770 obscenum
344 2734 376 2766 is
397 2736 461 2766 not
483 2733 543 2766 the
564 2743 628 2765 ms.
649 2733 800 2774 reading.
937 2735 1022 2767 1297
1045 2740 1222 2766 armatum.
1269 2740 1458 2776 reppertum
1472 2734 1595 2767 Lamb.
1612 2738 1676 2768 etc.
1697 2735 1768 2768 and

154 2793 238 2826 1301
254 2793 426 2824 inventum
441 2789 526 2822 Mar.
544 2789 642 2821 Junt.
658 2788 779 2821 Lamb.
796 2790 860 2821 ete.
877 2789 931 2822 for
945 2794 1128 2822 armatum:
1153 2789 1237 2821 both
1253 2789 1406 2821 needless
1422 2790 1583 2831 changes.

197 2847 282 2880 1300
306 2847 434 2886 biiuyos
457 2845 566 2877 Faber
588 2845 642 2876 for
665 2845 798 2884 biiugo:
823 2845 936 2884 biiuyo
956 2844 1075 2876 makes
1095 2843 1157 2875 the
1179 2844 1418 2876 construction
1438 2844 1623 2885 extremely
1642 2844 1762 2884 harsh,

153 2902 234 2941 and,
250 2911 289 2934 as
303 2900 414 2933 Faber
430 2908 519 2940 says,
534 2898 597 2930 has
613 2908 710 2930 come
726 2898 816 2930 from
834 2899 930 2932 1299.
1069 2898 1154 2930 1302
1171 2903 1296 2930 taetras
1315 2899 1441 2941 (tetras)
1458 2899 1565 2931 Lach.
1581 2899 1636 2931 for
1648 2904 1764 2932 tetros:

152 2956 291 2998 rightly,
307 2964 362 2988 see
378 2955 472 2987 1339.
644 2953 729 2985 1310
739 2954 880 2994 partim.
924 2954 1049 2986 Parthi
1065 2953 1182 2986 Gamb.
1200 2954 1220 2984 2
1236 2953 1313 2987 Vat.
1329 2967 1338 2987 ε
1361 2963 1383 2986 a
1398 2953 1540 2994 reading
1555 2953 1703 2995 adopted
1717 2954 1765 2995 by
