1997 3267
242 235 324 276 244
1035 220 1075 261 V

355 327 549 371 horribili
579 326 724 369 sonitu
755 326 884 368 silvas
915 326 1118 369 exederat
1149 327 1250 368 altis

355 397 410 440 ab
440 395 656 438 radicibus
687 400 732 437 et
763 400 923 437 terram
955 402 1207 450 percoxerat
1238 394 1343 451 igni,

355 466 560 508 manabat
591 465 712 507 venis
742 464 1009 506 ferventibus
1038 464 1084 506 in
1115 464 1206 506 loca
1235 470 1374 506 terrae
1750 474 1854 518 1255

355 550 540 578 concava
570 534 828 576 conveniens
859 533 1029 590 argenti
1059 533 1178 575 rivus
1209 538 1254 575 et
1284 535 1392 584 auri,

355 604 466 647 aeris
496 604 602 646 item
634 608 680 645 et
712 602 888 659 plumbi.
932 616 1042 658 quae
1074 617 1173 644 cum
1204 608 1403 644 concreta
1433 602 1642 646 videbant

356 674 570 731 posterius
601 673 714 715 claro
744 673 790 714 in
822 678 938 714 terra
969 672 1194 728 splendere
1225 672 1374 723 colore,

357 742 569 786 tollebant
600 741 740 784 nitido
771 741 888 797 capti
919 741 1092 798 levique
1125 742 1267 798 lepore

357 819 403 856 et
431 812 563 854 simili
595 812 777 853 formata
808 811 1015 853 videbant
1047 825 1138 853 esse
1170 811 1311 868 figura
1748 812 1860 854 1260

359 888 490 938 atque
523 881 774 923 lacunarum
807 880 979 922 fuerant
1010 879 1194 937 vestigia
1223 879 1390 935 cuique.

359 959 453 992 tum
485 949 743 1006 penetrabat
775 963 846 991 eos
877 963 999 1005 posse
1031 949 1136 991 haec
1169 949 1401 1005 liquefacta
1432 949 1569 992 calore

359 1020 598 1077 quamlibet
630 1019 675 1061 in
707 1019 887 1061 formam
920 1025 966 1061 et
997 1019 1148 1061 faciem
1181 1019 1403 1061 decurrere
1433 1034 1575 1062 rerum

360 1095 404 1130 et
435 1103 629 1144 prorsum
662 1087 858 1143 quamvis
889 1087 934 1128 in
965 1093 1095 1130 acuta
1123 1102 1172 1129 ac
1204 1087 1353 1129 tenvia
1382 1102 1505 1144 posse

359 1173 613 1200 mucronum
644 1157 745 1199 duci
777 1157 950 1213 fastigia
980 1156 1263 1214 procudendo,
1749 1158 1854 1211 1265

361 1234 412 1270 ut
442 1227 525 1269 sibi
557 1226 645 1269 tela
675 1226 841 1276 darent,
872 1227 1086 1283 silvasque
1118 1233 1168 1268 ut
1199 1226 1376 1268 caedere
1407 1233 1582 1282 possent

359 1297 672 1353 materiemque
703 1297 847 1339 dolare
880 1303 925 1339 et
956 1297 1068 1339 levia
1098 1297 1247 1339 radere
1280 1296 1403 1354 tigna

360 1374 405 1410 et
435 1367 652 1410 terebrare
684 1367 816 1409 etiam
848 1382 896 1409 ac
928 1367 1188 1423 pertundere
1219 1381 1381 1423 perque
1413 1366 1558 1409 forare.

361 1451 439 1478 nec
469 1437 614 1478 minus
645 1442 824 1493 argento
857 1436 993 1478 facere
1025 1435 1131 1478 haec
1161 1450 1351 1491 auroque
1382 1435 1595 1491 parabant

361 1523 490 1564 quam
523 1506 654 1548 validi
685 1505 874 1562 primum
906 1505 1108 1547 violentis
1139 1505 1302 1547 viribus
1333 1505 1454 1555 aeris,
1752 1515 1862 1558 1270

361 1576 638 1633 nequiquam,
668 1575 871 1631 quoniam
903 1575 1084 1617 cedebat
1115 1575 1230 1617 victa
1260 1580 1454 1631 potestas

362 1661 440 1688 nec
470 1651 642 1702 poterat
671 1645 833 1701 pariter
863 1645 1020 1686 durum
1053 1645 1230 1686 sufferre
1262 1644 1461 1686 laborem.

363 1722 456 1758 tum
490 1715 573 1757 fuit
604 1714 648 1755 in
680 1714 820 1770 pretio
851 1714 989 1770 magis
1020 1728 1091 1757 aes
1121 1728 1361 1769 aurumque
1392 1712 1561 1755 iacebat

364 1791 538 1842 propter
568 1782 855 1825 inutilitatem
888 1782 1035 1824 hebeti
1067 1797 1269 1824 mucrone
1300 1788 1508 1824 retusum.

364 1870 478 1896 nunc
508 1855 620 1896 iacet
651 1868 735 1903 aeS‚
755 1867 908 1894 aurum
940 1852 985 1894 in
1016 1867 1236 1894 summum
1265 1851 1470 1893 successit
1498 1850 1717 1893 honorem.
1754 1860 1858 1905 1275

364 1925 424 1967 sic
454 1923 664 1966 volvenda
694 1928 814 1964 aetas
846 1928 1086 1964 commutat
1117 1927 1313 1977 tempora
1344 1935 1498 1963 rerum.

365 1993 479 2051 quod
511 1993 594 2035 fuit
625 1993 670 2034 in
701 1992 853 2049 pretio,
884 1991 935 2034 fit
966 1991 1084 2033 nullo
1114 1991 1303 2046 denique
1334 1990 1517 2042 honore3

364 2078 488 2120 porro
518 2063 630 2104 aliut
660 2062 853 2104 succedit
885 2068 929 2103 et
960 2076 981 2104 e
1011 2060 1334 2117 contemptibus
1365 2059 1457 2102 exit

366 2136 496 2190 inque
526 2132 618 2174 dies
648 2131 788 2188 magis
817 2131 1040 2187 adpetitur
1071 2130 1278 2186 floretque
1308 2135 1528 2185 repertum

252 2299 294 2329 32
318 2299 357 2330 9:
391 2296 491 2329 Lucr.
519 2305 600 2336 may
630 2294 801 2326 therefore
831 2292 918 2324 have
950 2292 1087 2324 written
1119 2293 1283 2333 quicquid
1313 2291 1404 2331 here,
1436 2290 1570 2331 though
1600 2290 1780 2324 elsewhere
1807 2291 1865 2325 his

251 2360 334 2383 mss.
362 2349 451 2382 have
478 2349 645 2390 quidquid
673 2348 727 2380 for
755 2346 814 2379 the
840 2346 1003 2384 relative;
1030 2346 1194 2386 quicquid
1221 2345 1259 2376 in
1287 2344 1346 2377 the
1375 2354 1473 2376 sense
1496 2345 1534 2377 of
1561 2347 1713 2386 quicque,
1736 2345 1866 2388 rightly

253 2404 435 2444 according
466 2407 501 2436 to
532 2403 593 2435 the
623 2403 697 2435 rule
728 2400 911 2442 explained
941 2401 978 2432 in
1009 2404 1109 2432 notes
1140 2401 1159 2431 2
1190 2402 1226 2432 to
1257 2410 1271 2432 1
1301 2401 1342 2431 22
1372 2401 1564 2441 quicquam.
1779 2402 1864 2434 1253

252 2461 332 2493 altis
353 2460 383 2491 A
405 2460 498 2491 Nico.
522 2458 611 2491 Flor.
644 2459 684 2489 31
711 2456 829 2489 Camb.
858 2456 953 2487 Mon.
980 2454 1072 2487 Brix.
1103 2454 1180 2486 Ver.
1203 2454 1289 2487 Ven.
1315 2454 1412 2486 Junt.
1435 2455 1525 2486 altas
1548 2454 1610 2486 BA
1630 2463 1716 2487 corr.
1736 2455 1864 2489 Avane.

252 2516 371 2550 Lamb.
597 2514 680 2545 1254
710 2514 760 2544 Ab
792 2512 890 2543 Junt.
915 2511 990 2542 first
1020 2510 1074 2542 for
1105 2512 1145 2547 A,
1169 2509 1318 2550 rightly:
1350 2511 1412 2541 not
1443 2508 1543 2541 Pont.
1568 2518 1607 2541 or
1637 2508 1725 2542 Mar.

297 2571 381 2602 1258
404 2571 441 2601 in
458 2573 547 2600 terra
562 2568 732 2609 splendere
748 2565 855 2597 Lach.
872 2565 948 2596 first
964 2564 1017 2596 for
1032 2565 1070 2595 in
1094 2568 1209 2596 terras.
1259 2565 1297 2594 in
1319 2564 1416 2594 terris
1437 2562 1556 2595 Lamb.
1780 2563 1866 2598 1259

253 2625 345 2666 capti
364 2623 456 2654 Flor.
475 2623 515 2654 31
537 2622 613 2653 Ver.
631 2620 716 2652 Ven.
738 2619 823 2651 Mar.
849 2618 901 2650 for
921 2619 1039 2659 capiti.
1221 2616 1305 2649 1266
1328 2617 1458 2654 darent,
1475 2618 1644 2658 silvasque
1666 2621 1706 2649 ut
1729 2618 1865 2651 caedere

249 2682 382 2720 possent
396 2676 501 2708 Lach.
523 2675 575 2706 for
586 2679 711 2716 parent
726 2675 892 2715 silvasque
908 2677 940 2703 et
957 2672 1068 2704 cedere
1081 2673 1221 2712 possint.
1267 2671 1352 2712 [But
1361 2670 1508 2712 perhaps
1521 2670 1581 2703 the
1592 2680 1674 2705 mss,
1689 2679 1748 2704 are
1756 2671 1864 2712 right:

254 2740 413 2772 compare
429 2730 542 2761 Plaut.
559 2727 685 2768 Amph.
704 2728 766 2760 192
778 2728 956 2768 praemisit
971 2730 1010 2756 ut
1025 2727 1191 2762 nuntiem;
1216 2724 1285 2756 and
1300 2734 1355 2756 see
1371 2724 1500 2765 Ussing
1515 2724 1642 2765 thera]
1781 2725 1865 2758 1267

255 2788 366 2818 dolare
389 2789 422 2816 et
445 2784 534 2816 levia
555 2783 672 2814 radere
697 2781 781 2813 Mar.
803 2781 903 2812 Junt.
921 2779 1011 2819 (Ald.
1030 2780 1048 2809 1
1071 2778 1135 2810 has
1150 2789 1189 2811 ac
1205 2779 1258 2810 for
1273 2778 1317 2820 et)
1335 2779 1388 2810 for
1403 2779 1533 2811 dolaret
1549 2780 1658 2811 levare
1673 2789 1714 2812 ac
1728 2781 1865 2814 radere:

254 2839 369 2872 which
383 2847 494 2870 seems
509 2836 568 2868 the
585 2835 740 2876 simplest
755 2833 897 2873 change.
944 2835 1046 2869 dome,
1073 2834 1180 2864 levare
1197 2843 1236 2864 ac
1251 2834 1370 2864 radere
1391 2832 1498 2864 Lach.
1545 2833 1678 2865 laevare
1696 2833 1812 2866 dolare
1832 2838 1867 2866 et

255 2895 371 2926 radere
385 2891 508 2924 Lamb.
553 2890 660 2922 Lach.
677 2889 749 2921 also
765 2893 920 2929 suggests
937 2890 1049 2920 dolare
1063 2897 1173 2919 secare
1189 2897 1228 2919 ac
1244 2896 1282 2918 or
1298 2888 1411 2919 dolare
1428 2896 1573 2928 aequare
1588 2897 1640 2919 ac.
1780 2888 1865 2922 1272

252 2953 385 2990 poterat
399 2946 522 2978 Lamb.
539 2945 609 2977 and
623 2943 732 2976 Lach.
749 2944 802 2975 for
812 2948 989 2984 poterant:
1013 2942 1085 2973 this
1102 2942 1119 2973 Ι
1135 2942 1221 2974 have
1236 2942 1388 2974 received
1403 2941 1487 2973 with
1503 2951 1596 2973 some
1611 2941 1809 2975 hesitation.

302 3002 385 3034 1273
411 3003 494 3033 Tum
508 2998 614 3032 Lach.
633 2998 686 3030 for
701 2999 800 3030 Nam.
846 3007 902 3028 aes
918 2995 1026 3028 added
1041 2996 1085 3037 by
1100 2995 1192 3027 Flor.
1211 2997 1251 3027 31
1269 2996 1385 3029 Camb.
1405 2996 1508 3027 Pont.
1527 2995 1614 3028 Mar.
1747 2997 1833 3031 1278
1848 3009 1865 3030 e
