<?xml version="1.0" encoding="UTF-8"?>
<!DOCTYPE html PUBLIC "-//W3C//DTD XHTML 1.0 Transitional//EN"
    "http://www.w3.org/TR/xhtml1/DTD/xhtml1-transitional.dtd">
<html xmlns="http://www.w3.org/1999/xhtml" xml:lang="en" lang="en">
 <head>
  <title>
</title>
<meta http-equiv="Content-Type" content="text/html;charset=utf-8" />
  <meta name='ocr-system' content='tesseract 3.04.00' />
  <meta name='ocr-capabilities' content='ocr_page ocr_carea ocr_par ocr_line ocrx_word'/>
</head>
<body>
  <div class='ocr_page' id='page_1' title='image "./lucreticariderer01lucruoft_0266.png"; bbox 0 0 1997 3267; ppageno 0'>
   <div class='ocr_carea' id='block_1_1' title="bbox 230 198 1064 257">
    <p class='ocr_par' dir='ltr' id='par_1_1' title="bbox 230 198 1064 257">
     <span class='ocr_line' id='line_1_1' title="bbox 230 198 1064 257; baseline -0.008 -11"><span class='ocrx_word' id='word_1_1' title='bbox 230 214 316 257; x_wconf 89' lang='lat'>250</span> <span class='ocrx_word' id='word_1_2' title='bbox 1027 198 1064 239; x_wconf 93' lang='lat' dir='ltr'>V</span> 
     </span>
    </p>
   </div>
   <div class='ocr_carea' id='block_1_2' title="bbox 345 305 1841 1605">
    <p class='ocr_par' dir='ltr' id='par_1_2' title="bbox 345 305 1841 1605">
     <span class='ocr_line' id='line_1_2' title="bbox 345 305 1480 364; baseline -0.004 -12"><span class='ocrx_word' id='word_1_3' title='bbox 345 315 391 353; x_wconf 88' lang='lat' dir='ltr'>et</span> <span class='ocrx_word' id='word_1_4' title='bbox 421 315 538 352; x_wconf 87' lang='lat' dir='ltr'>certa</span> <span class='ocrx_word' id='word_1_5' title='bbox 567 308 734 350; x_wconf 88' lang='lat' dir='ltr'>ratione</span> <span class='ocrx_word' id='word_1_6' title='bbox 765 307 858 364; x_wconf 88' lang='lat' dir='ltr'>geri</span> <span class='ocrx_word' id='word_1_7' title='bbox 888 321 979 348; x_wconf 91' lang='lat' dir='ltr'>rem</span> <span class='ocrx_word' id='word_1_8' title='bbox 1010 312 1143 362; x_wconf 88' lang='lat' dir='ltr'>atque</span> <span class='ocrx_word' id='word_1_9' title='bbox 1174 305 1322 348; x_wconf 83' lang='lat' dir='ltr'>ordine</span> <span class='ocrx_word' id='word_1_10' title='bbox 1353 311 1480 348; x_wconf 88' lang='lat' dir='ltr'>certo.</span> 
     </span>
     <span class='ocr_line' id='line_1_3' title="bbox 403 374 1839 433; baseline -0.003 -13"><span class='ocrx_word' id='word_1_11' title='bbox 403 378 498 420; x_wconf 89' lang='lat' dir='ltr'>Iam</span> <span class='ocrx_word' id='word_1_12' title='bbox 529 377 683 420; x_wconf 87' lang='lat' dir='ltr'>validis</span> <span class='ocrx_word' id='word_1_13' title='bbox 713 375 853 433; x_wconf 88' lang='lat' dir='ltr'>saepti</span> <span class='ocrx_word' id='word_1_14' title='bbox 883 374 1101 432; x_wconf 85' lang='lat' dir='ltr'>degebant</span> <span class='ocrx_word' id='word_1_15' title='bbox 1131 374 1324 417; x_wconf 84' lang='lat' dir='ltr'>turribus</span> <span class='ocrx_word' id='word_1_16' title='bbox 1355 389 1508 417; x_wconf 90' lang='lat' dir='ltr'>aevom</span> <span class='ocrx_word' id='word_1_17' title='bbox 1731 385 1839 429; x_wconf 80' lang='grc'>1440</span> 
     </span>
     <span class='ocr_line' id='line_1_4' title="bbox 347 444 1286 501; baseline -0.006 -10"><span class='ocrx_word' id='word_1_18' title='bbox 347 453 392 491; x_wconf 90' lang='lat' dir='ltr'>et</span> <span class='ocrx_word' id='word_1_19' title='bbox 422 448 561 490; x_wconf 82' lang='lat' dir='ltr'>divisa</span> <span class='ocrx_word' id='word_1_20' title='bbox 591 447 814 489; x_wconf 70' lang='lat' dir='ltr'>colebatur</span> <span class='ocrx_word' id='word_1_21' title='bbox 843 446 1113 501; x_wconf 87' lang='lat' dir='ltr'>discretaque</span> <span class='ocrx_word' id='word_1_22' title='bbox 1145 444 1286 494; x_wconf 85' lang='lat' dir='ltr'>tellus,</span> 
     </span>
     <span class='ocr_line' id='line_1_5' title="bbox 346 513 1460 570; baseline -0.005 -10"><span class='ocrx_word' id='word_1_23' title='bbox 346 519 432 560; x_wconf 89' lang='lat' dir='ltr'>iam</span> <span class='ocrx_word' id='word_1_24' title='bbox 464 532 582 559; x_wconf 88' lang='lat' dir='ltr'>mare</span> <span class='ocrx_word' id='word_1_25' title='bbox 612 515 807 558; x_wconf 86' lang='lat' dir='ltr'>velivolis</span> <span class='ocrx_word' id='word_1_26' title='bbox 837 514 1017 557; x_wconf 88' lang='lat' dir='ltr'>florebat</span> <span class='ocrx_word' id='word_1_27' title='bbox 1047 514 1291 570; x_wconf 81' lang='lat' dir='ltr'>puppibus3</span> <span class='ocrx_word' id='word_1_28' title='bbox 1332 513 1460 555; x_wconf 87' lang='lat' dir='ltr'>urbes</span> 
     </span>
     <span class='ocr_line' id='line_1_6' title="bbox 346 582 1488 640; baseline -0.004 -11"><span class='ocrx_word' id='word_1_29' title='bbox 346 587 509 629; x_wconf 85' lang='lat' dir='ltr'>auxilia</span> <span class='ocrx_word' id='word_1_30' title='bbox 538 601 587 628; x_wconf 89' lang='lat' dir='ltr'>ac</span> <span class='ocrx_word' id='word_1_31' title='bbox 617 585 752 627; x_wconf 84' lang='lat' dir='ltr'>socios</span> <span class='ocrx_word' id='word_1_32' title='bbox 781 584 869 627; x_wconf 90' lang='lat' dir='ltr'>iam</span> <span class='ocrx_word' id='word_1_33' title='bbox 900 589 1026 640; x_wconf 91' lang='lat' dir='ltr'>pacto</span> <span class='ocrx_word' id='word_1_34' title='bbox 1057 583 1225 626; x_wconf 90' lang='lat' dir='ltr'>foedere</span> <span class='ocrx_word' id='word_1_35' title='bbox 1257 582 1488 634; x_wconf 85' lang='lat' dir='ltr'>habebant,</span> 
     </span>
     <span class='ocr_line' id='line_1_7' title="bbox 347 656 1404 710; baseline -0.003 -12"><span class='ocrx_word' id='word_1_36' title='bbox 347 656 608 698; x_wconf 85' lang='lat' dir='ltr'>carminibus</span> <span class='ocrx_word' id='word_1_37' title='bbox 639 670 736 697; x_wconf 91' lang='lat' dir='ltr'>cum</span> <span class='ocrx_word' id='word_1_38' title='bbox 768 669 836 696; x_wconf 84' lang='lat' dir='ltr'>res</span> <span class='ocrx_word' id='word_1_39' title='bbox 866 660 1012 710; x_wconf 88' lang='lat' dir='ltr'>gestas</span> <span class='ocrx_word' id='word_1_40' title='bbox 1042 669 1219 710; x_wconf 88' lang='lat' dir='ltr'>coepere</span> <span class='ocrx_word' id='word_1_41' title='bbox 1249 659 1404 709; x_wconf 89' lang='lat' dir='ltr'>poetae</span> 
     </span>
     <span class='ocr_line' id='line_1_8' title="bbox 349 723 1835 779; baseline -0.001 -12"><span class='ocrx_word' id='word_1_42' title='bbox 349 725 541 776; x_wconf 84' lang='lat' dir='ltr'>tradere3</span> <span class='ocrx_word' id='word_1_43' title='bbox 581 739 659 766; x_wconf 90' lang='lat' dir='ltr'>nec</span> <span class='ocrx_word' id='word_1_44' title='bbox 690 723 828 766; x_wconf 88' lang='lat' dir='ltr'>multo</span> <span class='ocrx_word' id='word_1_45' title='bbox 858 723 968 779; x_wconf 90' lang='lat' dir='ltr'>priu’</span> <span class='ocrx_word' id='word_1_46' title='bbox 999 728 1101 765; x_wconf 91' lang='lat' dir='ltr'>sunt</span> <span class='ocrx_word' id='word_1_47' title='bbox 1132 723 1348 764; x_wconf 87' lang='lat' dir='ltr'>elementa</span> <span class='ocrx_word' id='word_1_48' title='bbox 1376 727 1559 778; x_wconf 86' lang='lat' dir='ltr'>reperta.</span> <span class='ocrx_word' id='word_1_49' title='bbox 1731 731 1835 776; x_wconf 84' lang='lat'>1445</span> 
     </span>
     <span class='ocr_line' id='line_1_9' title="bbox 347 789 1518 848; baseline -0.003 -15"><span class='ocrx_word' id='word_1_50' title='bbox 347 797 574 848; x_wconf 88' lang='lat' dir='ltr'>propterea</span> <span class='ocrx_word' id='word_1_51' title='bbox 605 789 710 847; x_wconf 88' lang='lat' dir='ltr'>quid</span> <span class='ocrx_word' id='word_1_52' title='bbox 741 790 798 832; x_wconf 85' lang='lat' dir='ltr'>sit</span> <span class='ocrx_word' id='word_1_53' title='bbox 828 790 949 846; x_wconf 87' lang='lat' dir='ltr'>prius</span> <span class='ocrx_word' id='word_1_54' title='bbox 980 795 1125 832; x_wconf 86' lang='lat' dir='ltr'>actum</span> <span class='ocrx_word' id='word_1_55' title='bbox 1157 789 1366 844; x_wconf 82' lang='lat' dir='ltr'>respicere</span> <span class='ocrx_word' id='word_1_56' title='bbox 1397 795 1518 830; x_wconf 85' lang='lat' dir='ltr'>aetas</span> 
     </span>
     <span class='ocr_line' id='line_1_10' title="bbox 347 857 1522 915; baseline -0.002 -13"><span class='ocrx_word' id='word_1_57' title='bbox 347 866 494 902; x_wconf 88' lang='lat' dir='ltr'>nostra</span> <span class='ocrx_word' id='word_1_58' title='bbox 522 859 686 915; x_wconf 89' lang='lat' dir='ltr'>nequit,</span> <span class='ocrx_word' id='word_1_59' title='bbox 716 858 799 900; x_wconf 89' lang='lat' dir='ltr'>nisi</span> <span class='ocrx_word' id='word_1_60' title='bbox 830 873 916 914; x_wconf 89' lang='lat' dir='ltr'>qua</span> <span class='ocrx_word' id='word_1_61' title='bbox 945 858 1055 900; x_wconf 89' lang='lat' dir='ltr'>ratio</span> <span class='ocrx_word' id='word_1_62' title='bbox 1085 857 1270 914; x_wconf 84' lang='lat' dir='ltr'>vestigia</span> <span class='ocrx_word' id='word_1_63' title='bbox 1300 863 1522 900; x_wconf 87' lang='lat' dir='ltr'>monstrat.</span> 
     </span>
     <span class='ocr_line' id='line_1_11' title="bbox 406 925 1447 986; baseline -0.004 -15"><span class='ocrx_word' id='word_1_64' title='bbox 406 929 596 986; x_wconf 86' lang='lat' dir='ltr'>Navigia</span> <span class='ocrx_word' id='word_1_65' title='bbox 625 934 756 984; x_wconf 88' lang='lat' dir='ltr'>atque</span> <span class='ocrx_word' id='word_1_66' title='bbox 787 927 880 984; x_wconf 86' lang='lat' dir='ltr'>agri</span> <span class='ocrx_word' id='word_1_67' title='bbox 910 927 1101 968; x_wconf 86' lang='lat' dir='ltr'>culturas</span> <span class='ocrx_word' id='word_1_68' title='bbox 1131 926 1302 968; x_wconf 88' lang='lat' dir='ltr'>moenia</span> <span class='ocrx_word' id='word_1_69' title='bbox 1332 925 1447 982; x_wconf 86' lang='lat' dir='ltr'>leges</span> 
     </span>
     <span class='ocr_line' id='line_1_12' title="bbox 348 994 1471 1053; baseline -0.005 -11"><span class='ocrx_word' id='word_1_70' title='bbox 348 1015 467 1042; x_wconf 86' lang='lat' dir='ltr'>arma</span> <span class='ocrx_word' id='word_1_71' title='bbox 497 999 588 1042; x_wconf 87' lang='lat' dir='ltr'>vias</span> <span class='ocrx_word' id='word_1_72' title='bbox 618 1004 760 1040; x_wconf 88' lang='lat' dir='ltr'>vestes</span> <span class='ocrx_word' id='word_1_73' title='bbox 791 1004 829 1040; x_wconf 81' lang='lat' dir='ltr'>et</span> <span class='ocrx_word' id='word_1_74' title='bbox 859 1003 1002 1038; x_wconf 87' lang='lat' dir='ltr'>cetera</span> <span class='ocrx_word' id='word_1_75' title='bbox 1032 996 1086 1039; x_wconf 92' lang='lat' dir='ltr'>de</span> <span class='ocrx_word' id='word_1_76' title='bbox 1116 1009 1273 1053; x_wconf 85' lang='lat' dir='ltr'>genere</span> <span class='ocrx_word' id='word_1_77' title='bbox 1306 994 1471 1046; x_wconf 87' lang='lat' dir='ltr'>horum,</span> 
     </span>
     <span class='ocr_line' id='line_1_13' title="bbox 348 1065 1841 1126; baseline -0.002 -14"><span class='ocrx_word' id='word_1_78' title='bbox 348 1069 552 1126; x_wconf 90' lang='lat' dir='ltr'>praemia,</span> <span class='ocrx_word' id='word_1_79' title='bbox 582 1068 757 1111; x_wconf 83' lang='lat' dir='ltr'>delicias</span> <span class='ocrx_word' id='word_1_80' title='bbox 787 1082 957 1123; x_wconf 92' lang='lat' dir='ltr'>quoque</span> <span class='ocrx_word' id='word_1_81' title='bbox 989 1066 1104 1108; x_wconf 91' lang='lat' dir='ltr'>vitae</span> <span class='ocrx_word' id='word_1_82' title='bbox 1136 1065 1333 1108; x_wconf 86' lang='lat' dir='ltr'>funditus</span> <span class='ocrx_word' id='word_1_83' title='bbox 1363 1065 1514 1116; x_wconf 84' lang='lat' dir='ltr'>omnis,</span> <span class='ocrx_word' id='word_1_84' title='bbox 1731 1077 1841 1120; x_wconf 81' lang='lat'>1450</span> 
     </span>
     <span class='ocr_line' id='line_1_14' title="bbox 349 1134 1386 1193; baseline -0.005 -13"><span class='ocrx_word' id='word_1_85' title='bbox 349 1138 538 1181; x_wconf 86' lang='lat' dir='ltr'>carmina</span> <span class='ocrx_word' id='word_1_86' title='bbox 569 1137 770 1193; x_wconf 74' lang='lat' dir='ltr'>picturas,</span> <span class='ocrx_word' id='word_1_87' title='bbox 802 1140 847 1177; x_wconf 90' lang='lat' dir='ltr'>et</span> <span class='ocrx_word' id='word_1_88' title='bbox 878 1135 1057 1177; x_wconf 81' lang='lat' dir='ltr'>daedala</span> <span class='ocrx_word' id='word_1_89' title='bbox 1087 1135 1211 1192; x_wconf 84' lang='lat' dir='ltr'>signa</span> <span class='ocrx_word' id='word_1_90' title='bbox 1240 1134 1386 1190; x_wconf 90' lang='lat' dir='ltr'>polire,</span> 
     </span>
     <span class='ocr_line' id='line_1_15' title="bbox 349 1203 1417 1262; baseline -0.005 -13"><span class='ocrx_word' id='word_1_91' title='bbox 349 1222 452 1249; x_wconf 85' lang='lat' dir='ltr'>usus</span> <span class='ocrx_word' id='word_1_92' title='bbox 483 1212 528 1248; x_wconf 91' lang='lat' dir='ltr'>et</span> <span class='ocrx_word' id='word_1_93' title='bbox 558 1206 769 1262; x_wconf 82' lang='lat' dir='ltr'>impigrae</span> <span class='ocrx_word' id='word_1_94' title='bbox 800 1204 927 1246; x_wconf 89' lang='lat' dir='ltr'>simul</span> <span class='ocrx_word' id='word_1_95' title='bbox 961 1203 1229 1260; x_wconf 88' lang='lat' dir='ltr'>experientia</span> <span class='ocrx_word' id='word_1_96' title='bbox 1258 1203 1417 1245; x_wconf 90' lang='lat' dir='ltr'>mentis</span> 
     </span>
     <span class='ocr_line' id='line_1_16' title="bbox 349 1272 1411 1332; baseline -0.004 -14"><span class='ocrx_word' id='word_1_97' title='bbox 349 1276 558 1332; x_wconf 88' lang='lat' dir='ltr'>paulatim</span> <span class='ocrx_word' id='word_1_98' title='bbox 591 1275 738 1317; x_wconf 85' lang='lat' dir='ltr'>docuit</span> <span class='ocrx_word' id='word_1_99' title='bbox 769 1273 1054 1330; x_wconf 88' lang='lat' dir='ltr'>pedetemtim</span> <span class='ocrx_word' id='word_1_100' title='bbox 1086 1272 1411 1330; x_wconf 82' lang='lat' dir='ltr'>progredientis.</span> 
     </span>
     <span class='ocr_line' id='line_1_17' title="bbox 349 1342 1423 1402; baseline -0.005 -14"><span class='ocrx_word' id='word_1_101' title='bbox 349 1347 409 1388; x_wconf 88' lang='lat' dir='ltr'>sic</span> <span class='ocrx_word' id='word_1_102' title='bbox 440 1344 784 1402; x_wconf 87' lang='lat' dir='ltr'>unumquicquid</span> <span class='ocrx_word' id='word_1_103' title='bbox 815 1343 1027 1400; x_wconf 89' lang='lat' dir='ltr'>paulatim</span> <span class='ocrx_word' id='word_1_104' title='bbox 1059 1342 1271 1398; x_wconf 77' lang='lat' dir='ltr'>protrahit</span> <span class='ocrx_word' id='word_1_105' title='bbox 1303 1348 1423 1384; x_wconf 87' lang='lat' dir='ltr'>aetas</span> 
     </span>
     <span class='ocr_line' id='line_1_18' title="bbox 349 1411 1836 1469; baseline -0.003 -12"><span class='ocrx_word' id='word_1_106' title='bbox 349 1416 394 1457; x_wconf 90' lang='lat' dir='ltr'>in</span> <span class='ocrx_word' id='word_1_107' title='bbox 425 1415 617 1457; x_wconf 90' lang='lat' dir='ltr'>medium</span> <span class='ocrx_word' id='word_1_108' title='bbox 648 1414 843 1469; x_wconf 86' lang='lat' dir='ltr'>ratioque</span> <span class='ocrx_word' id='word_1_109' title='bbox 875 1413 920 1454; x_wconf 89' lang='lat' dir='ltr'>in</span> <span class='ocrx_word' id='word_1_110' title='bbox 952 1412 1127 1453; x_wconf 89' lang='lat' dir='ltr'>luminis</span> <span class='ocrx_word' id='word_1_111' title='bbox 1158 1411 1286 1468; x_wconf 88' lang='lat' dir='ltr'>erigit</span> <span class='ocrx_word' id='word_1_112' title='bbox 1317 1426 1421 1453; x_wconf 86' lang='lat' dir='ltr'>oras.</span> <span class='ocrx_word' id='word_1_113' title='bbox 1733 1420 1836 1465; x_wconf 83' lang='lat'>1455</span> 
     </span>
     <span class='ocr_line' id='line_1_19' title="bbox 349 1481 1529 1541; baseline -0.003 -14"><span class='ocrx_word' id='word_1_114' title='bbox 349 1500 535 1541; x_wconf 88' lang='lat' dir='ltr'>namque</span> <span class='ocrx_word' id='word_1_115' title='bbox 567 1484 654 1526; x_wconf 85' lang='lat' dir='ltr'>alid</span> <span class='ocrx_word' id='word_1_116' title='bbox 686 1499 736 1525; x_wconf 86' lang='lat' dir='ltr'>ex</span> <span class='ocrx_word' id='word_1_117' title='bbox 769 1483 853 1524; x_wconf 85' lang='lat' dir='ltr'>alio</span> <span class='ocrx_word' id='word_1_118' title='bbox 884 1483 1111 1524; x_wconf 78' lang='lat' dir='ltr'>clarescere</span> <span class='ocrx_word' id='word_1_119' title='bbox 1144 1488 1188 1524; x_wconf 90' lang='lat' dir='ltr'>et</span> <span class='ocrx_word' id='word_1_120' title='bbox 1219 1481 1366 1523; x_wconf 89' lang='lat' dir='ltr'>ordine</span> <span class='ocrx_word' id='word_1_121' title='bbox 1398 1481 1529 1523; x_wconf 88' lang='lat' dir='ltr'>debet</span> 
     </span>
     <span class='ocr_line' id='line_1_20' title="bbox 350 1552 1459 1605; baseline -0.004 -8"><span class='ocrx_word' id='word_1_122' title='bbox 350 1555 527 1605; x_wconf 87' lang='lat' dir='ltr'>artibus,</span> <span class='ocrx_word' id='word_1_123' title='bbox 559 1555 613 1596; x_wconf 89' lang='lat' dir='ltr'>ad</span> <span class='ocrx_word' id='word_1_124' title='bbox 644 1569 862 1596; x_wconf 89' lang='lat' dir='ltr'>summum</span> <span class='ocrx_word' id='word_1_125' title='bbox 893 1552 1027 1594; x_wconf 89' lang='lat' dir='ltr'>donec</span> <span class='ocrx_word' id='word_1_126' title='bbox 1059 1567 1212 1594; x_wconf 87' lang='lat' dir='ltr'>venere</span> <span class='ocrx_word' id='word_1_127' title='bbox 1243 1566 1459 1594; x_wconf 88' lang='lat' dir='ltr'>cacumen.</span> 
     </span>
    </p>
   </div>
   <div class='ocr_carea' id='block_1_3' title="bbox 234 1698 1840 1797">
    <p class='ocr_par' dir='ltr' id='par_1_3' title="bbox 234 1698 1840 1797">
     <span class='ocr_line' id='line_1_21' title="bbox 234 1698 1840 1741; baseline -0.004 -5"><span class='ocrx_word' id='word_1_128' title='bbox 234 1707 295 1736; x_wconf 82' lang='lat' dir='ltr'>out</span> <span class='ocrx_word' id='word_1_129' title='bbox 310 1704 397 1736; x_wconf 83' lang='lat' dir='ltr'>after</span> <span class='ocrx_word' id='word_1_130' title='bbox 414 1713 458 1734; x_wconf 88' lang='lat' dir='ltr'>m:</span> <span class='ocrx_word' id='word_1_131' title='bbox 482 1707 515 1734; x_wconf 81' lang='lat' dir='ltr'>et</span> <span class='ocrx_word' id='word_1_132' title='bbox 529 1702 560 1734; x_wconf 88' lang='lat' dir='ltr'>is</span> <span class='ocrx_word' id='word_1_133' title='bbox 576 1701 685 1733; x_wconf 82' lang='lat' dir='ltr'>added</span> <span class='ocrx_word' id='word_1_134' title='bbox 701 1701 744 1741; x_wconf 87' lang='lat' dir='ltr'>by</span> <span class='ocrx_word' id='word_1_135' title='bbox 762 1701 845 1732; x_wconf 83' lang='lat' dir='ltr'>Mar.</span> <span class='ocrx_word' id='word_1_136' title='bbox 865 1699 942 1732; x_wconf 87' lang='lat' dir='ltr'>Ald.</span> <span class='ocrx_word' id='word_1_137' title='bbox 962 1700 979 1730; x_wconf 96' lang='grc'>1</span> <span class='ocrx_word' id='word_1_138' title='bbox 996 1699 1093 1731; x_wconf 87' lang='lat' dir='ltr'>Junt.</span> <span class='ocrx_word' id='word_1_139' title='bbox 1110 1698 1233 1730; x_wconf 85' lang='lat' dir='ltr'>Lamb.</span> <span class='ocrx_word' id='word_1_140' title='bbox 1256 1698 1347 1738; x_wconf 84' lang='lat' dir='ltr'>vulg.</span> <span class='ocrx_word' id='word_1_141' title='bbox 1385 1699 1550 1731; x_wconf 59' lang='lat' dir='ltr'>‘versatili&#39;</span> <span class='ocrx_word' id='word_1_142' title='bbox 1567 1698 1673 1732; x_wconf 86' lang='lat' dir='ltr'>Lach.</span> <span class='ocrx_word' id='word_1_143' title='bbox 1756 1699 1840 1731; x_wconf 85' lang='lat'>1442</span> 
     </span>
     <span class='ocr_line' id='line_1_22' title="bbox 234 1753 1840 1797; baseline -0.002 -7"><span class='ocrx_word' id='word_1_144' title='bbox 234 1759 309 1790; x_wconf 89' lang='lat' dir='ltr'>Iam</span> <span class='ocrx_word' id='word_1_145' title='bbox 324 1757 430 1789; x_wconf 89' lang='lat' dir='ltr'>Lach.</span> <span class='ocrx_word' id='word_1_146' title='bbox 447 1757 500 1789; x_wconf 78' lang='lat' dir='ltr'>for</span> <span class='ocrx_word' id='word_1_147' title='bbox 519 1758 611 1788; x_wconf 79' lang='lat' dir='ltr'>Tum.</span> <span class='ocrx_word' id='word_1_148' title='bbox 653 1761 791 1797; x_wconf 78' lang='lat' dir='ltr'>propter</span> <span class='ocrx_word' id='word_1_149' title='bbox 807 1756 919 1787; x_wconf 69' lang='lat' dir='ltr'>odores</span> <span class='ocrx_word' id='word_1_150' title='bbox 936 1753 983 1786; x_wconf 82' lang='lat' dir='ltr'>all</span> <span class='ocrx_word' id='word_1_151' title='bbox 998 1763 1080 1787; x_wconf 82' lang='lat' dir='ltr'>mss.</span> <span class='ocrx_word' id='word_1_152' title='bbox 1100 1753 1214 1785; x_wconf 84' lang='lat' dir='ltr'>which</span> <span class='ocrx_word' id='word_1_153' title='bbox 1232 1754 1329 1786; x_wconf 81' lang='lat' dir='ltr'>Wak.</span> <span class='ocrx_word' id='word_1_154' title='bbox 1349 1753 1510 1796; x_wconf 85' lang='lat' dir='ltr'>absurdly</span> <span class='ocrx_word' id='word_1_155' title='bbox 1525 1753 1678 1787; x_wconf 79' lang='lat' dir='ltr'>defends.</span> <span class='ocrx_word' id='word_1_156' title='bbox 1718 1755 1840 1796; x_wconf 77' lang='lat' dir='ltr'>puppi-</span> 
     </span>
    </p>
   </div>
   <div class='ocr_carea' id='block_1_4' title="bbox 236 1808 1843 1961">
    <p class='ocr_par' dir='ltr' id='par_1_4' title="bbox 236 1808 1843 1961">
     <span class='ocr_line' id='line_1_23' title="bbox 236 1808 1841 1854; baseline -0.003 -8"><span class='ocrx_word' id='word_1_157' title='bbox 236 1815 294 1846; x_wconf 82' lang='lat' dir='ltr'>bus</span> <span class='ocrx_word' id='word_1_158' title='bbox 307 1812 476 1854; x_wconf 81' lang='lat' dir='ltr'>(puppib.)</span> <span class='ocrx_word' id='word_1_159' title='bbox 488 1817 519 1844; x_wconf 79' lang='lat' dir='ltr'>et</span> <span class='ocrx_word' id='word_1_160' title='bbox 530 1822 579 1843; x_wconf 88' lang='lat' dir='ltr'>res</span> <span class='ocrx_word' id='word_1_161' title='bbox 592 1810 698 1843; x_wconf 89' lang='lat' dir='ltr'>Lach.</span> <span class='ocrx_word' id='word_1_162' title='bbox 736 1811 905 1852; x_wconf 79' lang='lat' dir='ltr'>puppibus</span> <span class='ocrx_word' id='word_1_163' title='bbox 916 1810 945 1841; x_wconf 88' lang='lat' dir='ltr'>is</span> <span class='ocrx_word' id='word_1_164' title='bbox 962 1808 1252 1849; x_wconf 83' lang='lat' dir='ltr'>unquestionably</span> <span class='ocrx_word' id='word_1_165' title='bbox 1266 1808 1377 1849; x_wconf 85' lang='lat' dir='ltr'>right;</span> <span class='ocrx_word' id='word_1_166' title='bbox 1402 1809 1464 1841; x_wconf 88' lang='lat' dir='ltr'>but</span> <span class='ocrx_word' id='word_1_167' title='bbox 1478 1819 1529 1842; x_wconf 77' lang='lat' dir='ltr'>res</span> <span class='ocrx_word' id='word_1_168' title='bbox 1546 1819 1690 1851; x_wconf 79' lang='lat' dir='ltr'>appears</span> <span class='ocrx_word' id='word_1_169' title='bbox 1705 1810 1841 1850; x_wconf 80' lang='lat' dir='ltr'>strange</span> 
     </span>
     <span class='ocr_line' id='line_1_24' title="bbox 236 1862 1839 1906; baseline -0.002 -8"><span class='ocrx_word' id='word_1_170' title='bbox 236 1866 381 1898; x_wconf 83' lang='lat' dir='ltr'>without</span> <span class='ocrx_word' id='word_1_171' title='bbox 404 1875 472 1906; x_wconf 90' lang='lat' dir='ltr'>any</span> <span class='ocrx_word' id='word_1_172' title='bbox 495 1864 643 1906; x_wconf 80' lang='lat' dir='ltr'>epithet3</span> <span class='ocrx_word' id='word_1_173' title='bbox 675 1863 692 1895; x_wconf 92' lang='grc' dir='ltr'>Ι</span> <span class='ocrx_word' id='word_1_174' title='bbox 713 1863 800 1896; x_wconf 79' lang='lat' dir='ltr'>have</span> <span class='ocrx_word' id='word_1_175' title='bbox 823 1863 959 1894; x_wconf 81' lang='lat' dir='ltr'>written</span> <span class='ocrx_word' id='word_1_176' title='bbox 982 1862 1152 1894; x_wconf 81' lang='lat' dir='ltr'>therefore</span> <span class='ocrx_word' id='word_1_177' title='bbox 1170 1863 1360 1903; x_wconf 76' lang='lat' dir='ltr'>puppibus;</span> <span class='ocrx_word' id='word_1_178' title='bbox 1386 1863 1491 1894; x_wconf 77' lang='lat' dir='ltr'>urbes.</span> <span class='ocrx_word' id='word_1_179' title='bbox 1542 1864 1625 1895; x_wconf 86' lang='lat' dir='ltr'>Tum</span> <span class='ocrx_word' id='word_1_180' title='bbox 1646 1873 1736 1895; x_wconf 84' lang='lat' dir='ltr'>mare</span> <span class='ocrx_word' id='word_1_181' title='bbox 1759 1864 1839 1895; x_wconf 85' lang='lat' dir='ltr'>veli-</span> 
     </span>
     <span class='ocr_line' id='line_1_25' title="bbox 236 1916 1843 1961; baseline -0.002 -9"><span class='ocrx_word' id='word_1_182' title='bbox 236 1922 345 1952; x_wconf 77' lang='lat' dir='ltr'>volum</span> <span class='ocrx_word' id='word_1_183' title='bbox 359 1920 503 1961; x_wconf 82' lang='lat' dir='ltr'>florebat</span> <span class='ocrx_word' id='word_1_184' title='bbox 526 1918 663 1951; x_wconf 78' lang='lat' dir='ltr'>naviba&#39;</span> <span class='ocrx_word' id='word_1_185' title='bbox 683 1919 808 1959; x_wconf 78' lang='lat' dir='ltr'>pandis</span> <span class='ocrx_word' id='word_1_186' title='bbox 832 1918 928 1949; x_wconf 81' lang='lat' dir='ltr'>Junt.</span> <span class='ocrx_word' id='word_1_187' title='bbox 951 1917 1026 1959; x_wconf 83' lang='lat' dir='ltr'>(not</span> <span class='ocrx_word' id='word_1_188' title='bbox 1046 1917 1146 1948; x_wconf 83' lang='lat' dir='ltr'>Pont.</span> <span class='ocrx_word' id='word_1_189' title='bbox 1169 1926 1207 1948; x_wconf 89' lang='lat' dir='ltr'>or</span> <span class='ocrx_word' id='word_1_190' title='bbox 1230 1916 1332 1958; x_wconf 85' lang='lat' dir='ltr'>Mar.)</span> <span class='ocrx_word' id='word_1_191' title='bbox 1350 1916 1471 1948; x_wconf 87' lang='lat' dir='ltr'>Lamb.</span> <span class='ocrx_word' id='word_1_192' title='bbox 1487 1920 1550 1950; x_wconf 81' lang='lat' dir='ltr'>etc.</span> <span class='ocrx_word' id='word_1_193' title='bbox 1567 1916 1734 1958; x_wconf 82' lang='lat' dir='ltr'>probably</span> <span class='ocrx_word' id='word_1_194' title='bbox 1755 1916 1843 1950; x_wconf 74' lang='lat' dir='ltr'>after</span> 
     </span>
    </p>
   </div>
   <div class='ocr_carea' id='block_1_5' title="bbox 237 1971 1842 2124">
    <p class='ocr_par' dir='ltr' id='par_1_5' title="bbox 237 1971 1842 2124">
     <span class='ocr_line' id='line_1_26' title="bbox 238 1971 1842 2013; baseline -0.001 -5"><span class='ocrx_word' id='word_1_195' title='bbox 238 1975 386 2008; x_wconf 85' lang='lat' dir='ltr'>Servius.</span> <span class='ocrx_word' id='word_1_196' title='bbox 521 1974 604 2006; x_wconf 88' lang='lat'>1449</span> <span class='ocrx_word' id='word_1_197' title='bbox 620 1978 652 2004; x_wconf 78' lang='lat' dir='ltr'>et</span> <span class='ocrx_word' id='word_1_198' title='bbox 669 1972 781 2005; x_wconf 86' lang='lat' dir='ltr'>added</span> <span class='ocrx_word' id='word_1_199' title='bbox 797 1972 841 2012; x_wconf 94' lang='lat' dir='ltr'>by</span> <span class='ocrx_word' id='word_1_200' title='bbox 857 1972 948 2004; x_wconf 89' lang='lat' dir='ltr'>Flor.</span> <span class='ocrx_word' id='word_1_201' title='bbox 969 1972 1009 2003; x_wconf 88' lang='lat'>31</span> <span class='ocrx_word' id='word_1_202' title='bbox 1027 1971 1145 2003; x_wconf 79' lang='lat' dir='ltr'>Camb.</span> <span class='ocrx_word' id='word_1_203' title='bbox 1289 1972 1372 2003; x_wconf 87' lang='lat'>1451</span> <span class='ocrx_word' id='word_1_204' title='bbox 1391 1973 1501 2013; x_wconf 78' lang='lat' dir='ltr'>polire</span> <span class='ocrx_word' id='word_1_205' title='bbox 1517 1972 1609 2004; x_wconf 83' lang='lat' dir='ltr'>Flor.</span> <span class='ocrx_word' id='word_1_206' title='bbox 1625 1973 1666 2004; x_wconf 86' lang='lat'>31</span> <span class='ocrx_word' id='word_1_207' title='bbox 1681 1971 1760 2005; x_wconf 69' lang='lat' dir='ltr'>Vnt.</span> <span class='ocrx_word' id='word_1_208' title='bbox 1777 1973 1842 2006; x_wconf 84' lang='lat'>640</span> 
     </span>
     <span class='ocr_line' id='line_1_27' title="bbox 237 2024 1841 2068; baseline -0.001 -7"><span class='ocrx_word' id='word_1_209' title='bbox 237 2028 358 2061; x_wconf 88' lang='lat' dir='ltr'>Urbin.</span> <span class='ocrx_word' id='word_1_210' title='bbox 377 2027 446 2060; x_wconf 83' lang='lat' dir='ltr'>and</span> <span class='ocrx_word' id='word_1_211' title='bbox 463 2027 546 2060; x_wconf 78' lang='lat'>1954</span> <span class='ocrx_word' id='word_1_212' title='bbox 564 2026 688 2059; x_wconf 84' lang='lat' dir='ltr'>Othob.</span> <span class='ocrx_word' id='word_1_213' title='bbox 707 2026 792 2058; x_wconf 85' lang='lat' dir='ltr'>Mar.</span> <span class='ocrx_word' id='word_1_214' title='bbox 810 2025 886 2057; x_wconf 75' lang='lat' dir='ltr'>Ald.</span> <span class='ocrx_word' id='word_1_215' title='bbox 906 2026 922 2056; x_wconf 95' lang='lat'>1</span> <span class='ocrx_word' id='word_1_216' title='bbox 940 2024 1037 2058; x_wconf 80' lang='lat' dir='ltr'>Junt.</span> <span class='ocrx_word' id='word_1_217' title='bbox 1058 2025 1179 2057; x_wconf 85' lang='lat' dir='ltr'>Lamb.</span> <span class='ocrx_word' id='word_1_218' title='bbox 1197 2024 1304 2057; x_wconf 83' lang='lat' dir='ltr'>Lach.</span> <span class='ocrx_word' id='word_1_219' title='bbox 1321 2025 1375 2057; x_wconf 81' lang='lat' dir='ltr'>for</span> <span class='ocrx_word' id='word_1_220' title='bbox 1386 2027 1506 2067; x_wconf 75' lang='lat' dir='ltr'>polito.</span> <span class='ocrx_word' id='word_1_221' title='bbox 1626 2026 1710 2059; x_wconf 89' lang='grc'>1455</span> <span class='ocrx_word' id='word_1_222' title='bbox 1729 2028 1841 2068; x_wconf 65' lang='lat' dir='ltr'>erigit.</span> 
     </span>
     <span class='ocr_line' id='line_1_28' title="bbox 238 2079 1841 2124; baseline -0.001 -8"><span class='ocrx_word' id='word_1_223' title='bbox 238 2086 325 2116; x_wconf 79' lang='lat' dir='ltr'>eruit</span> <span class='ocrx_word' id='word_1_224' title='bbox 341 2083 438 2115; x_wconf 82' lang='lat' dir='ltr'>Junt.</span> <span class='ocrx_word' id='word_1_225' title='bbox 457 2083 531 2124; x_wconf 87' lang='lat' dir='ltr'>(not</span> <span class='ocrx_word' id='word_1_226' title='bbox 544 2081 644 2114; x_wconf 86' lang='lat' dir='ltr'>Pont.</span> <span class='ocrx_word' id='word_1_227' title='bbox 665 2090 703 2113; x_wconf 92' lang='lat' dir='ltr'>or</span> <span class='ocrx_word' id='word_1_228' title='bbox 719 2080 819 2122; x_wconf 85' lang='lat' dir='ltr'>Mar.)</span> <span class='ocrx_word' id='word_1_229' title='bbox 836 2079 959 2112; x_wconf 86' lang='lat' dir='ltr'>Lamb.</span> <span class='ocrx_word' id='word_1_230' title='bbox 975 2082 1038 2111; x_wconf 84' lang='lat' dir='ltr'>etc.</span> <span class='ocrx_word' id='word_1_231' title='bbox 1056 2079 1218 2120; x_wconf 86' lang='lat' dir='ltr'>wrongly.</span> <span class='ocrx_word' id='word_1_232' title='bbox 1366 2079 1451 2111; x_wconf 85' lang='lat'>1456</span> <span class='ocrx_word' id='word_1_233' title='bbox 1472 2081 1650 2113; x_wconf 77' lang='lat' dir='ltr'>clarescere</span> <span class='ocrx_word' id='word_1_234' title='bbox 1674 2085 1706 2113; x_wconf 88' lang='lat' dir='ltr'>et</span> <span class='ocrx_word' id='word_1_235' title='bbox 1725 2082 1841 2115; x_wconf 80' lang='lat' dir='ltr'>ordine</span> 
     </span>
    </p>
   </div>
   <div class='ocr_carea' id='block_1_6' title="bbox 238 2133 1842 2280">
    <p class='ocr_par' dir='ltr' id='par_1_6' title="bbox 238 2133 1842 2280">
     <span class='ocr_line' id='line_1_29' title="bbox 238 2133 1841 2176; baseline -0.001 -6"><span class='ocrx_word' id='word_1_236' title='bbox 238 2139 331 2171; x_wconf 81' lang='lat' dir='ltr'>debet</span> <span class='ocrx_word' id='word_1_237' title='bbox 346 2137 412 2170; x_wconf 86' lang='lat' dir='ltr'>Ed.</span> <span class='ocrx_word' id='word_1_238' title='bbox 429 2137 482 2169; x_wconf 86' lang='lat' dir='ltr'>for</span> <span class='ocrx_word' id='word_1_239' title='bbox 504 2137 683 2168; x_wconf 83' lang='lat' dir='ltr'>clarescere</span> <span class='ocrx_word' id='word_1_240' title='bbox 707 2136 802 2167; x_wconf 83' lang='lat' dir='ltr'>corde</span> <span class='ocrx_word' id='word_1_241' title='bbox 824 2135 1006 2166; x_wconf 80' lang='lat' dir='ltr'>videbant:</span> <span class='ocrx_word' id='word_1_242' title='bbox 1042 2143 1106 2165; x_wconf 87' lang='lat' dir='ltr'>one</span> <span class='ocrx_word' id='word_1_243' title='bbox 1130 2144 1145 2165; x_wconf 89' lang='lat' dir='ltr'>e</span> <span class='ocrx_word' id='word_1_244' title='bbox 1169 2143 1239 2165; x_wconf 84' lang='lat' dir='ltr'>was</span> <span class='ocrx_word' id='word_1_245' title='bbox 1262 2133 1428 2166; x_wconf 84' lang='lat' dir='ltr'>absorbed</span> <span class='ocrx_word' id='word_1_246' title='bbox 1457 2134 1501 2176; x_wconf 85' lang='lat' dir='ltr'>by</span> <span class='ocrx_word' id='word_1_247' title='bbox 1524 2134 1582 2167; x_wconf 85' lang='lat' dir='ltr'>the</span> <span class='ocrx_word' id='word_1_248' title='bbox 1609 2134 1728 2174; x_wconf 79' lang='lat' dir='ltr'>other3</span> <span class='ocrx_word' id='word_1_249' title='bbox 1756 2135 1841 2168; x_wconf 82' lang='lat' dir='ltr'>then</span> 
     </span>
     <span class='ocr_line' id='line_1_30' title="bbox 239 2189 1842 2232; baseline -0.001 -8"><span class='ocrx_word' id='word_1_250' title='bbox 239 2193 367 2226; x_wconf 68' lang='lat' dir='ltr'>ten-dine</span> <span class='ocrx_word' id='word_1_251' title='bbox 390 2193 484 2224; x_wconf 84' lang='lat' dir='ltr'>debet</span> <span class='ocrx_word' id='word_1_252' title='bbox 506 2190 630 2231; x_wconf 78' lang='lat' dir='ltr'>passed</span> <span class='ocrx_word' id='word_1_253' title='bbox 653 2189 728 2222; x_wconf 82' lang='lat' dir='ltr'>into</span> <span class='ocrx_word' id='word_1_254' title='bbox 751 2189 848 2222; x_wconf 83' lang='lat' dir='ltr'>corde</span> <span class='ocrx_word' id='word_1_255' title='bbox 870 2190 1040 2221; x_wconf 78' lang='lat' dir='ltr'>videbant.</span> <span class='ocrx_word' id='word_1_256' title='bbox 1086 2189 1264 2221; x_wconf 78' lang='lat' dir='ltr'>clarescere</span> <span class='ocrx_word' id='word_1_257' title='bbox 1287 2190 1499 2222; x_wconf 78' lang='lat' dir='ltr'>conveniebat</span> <span class='ocrx_word' id='word_1_258' title='bbox 1520 2189 1627 2224; x_wconf 67' lang='lat' dir='ltr'>Lach„</span> <span class='ocrx_word' id='word_1_259' title='bbox 1652 2189 1728 2222; x_wconf 86' lang='lat' dir='ltr'>who</span> <span class='ocrx_word' id='word_1_260' title='bbox 1750 2189 1842 2232; x_wconf 72' lang='lat' dir='ltr'>joina</span> 
     </span>
     <span class='ocr_line' id='line_1_31' title="bbox 239 2245 613 2280; baseline 0 -1"><span class='ocrx_word' id='word_1_261' title='bbox 239 2248 376 2279; x_wconf 77' lang='lat' dir='ltr'>Artibus</span> <span class='ocrx_word' id='word_1_262' title='bbox 390 2245 473 2278; x_wconf 77' lang='lat' dir='ltr'>with</span> <span class='ocrx_word' id='word_1_263' title='bbox 488 2255 613 2280; x_wconf 84' lang='lat' dir='ltr'>venere.</span> 
     </span>
    </p>
   </div>
  </div>
 </body>
</html>
