1997 3267
910 149 934 192 Ι
1651 160 1707 203 47

216 261 396 304 flumina
426 260 739 317 suppeditant?
780 259 894 300 unde
925 258 1075 300 aether
1106 257 1246 299 sidera
1276 258 1448 313 pascit?

217 330 361 371 omnia
392 329 508 371 enim
539 328 679 377 debet,
711 326 882 368 mortali
913 340 1085 381 corpore
1116 340 1228 381 quae
1261 330 1375 375 sunt,

218 398 390 439 infinita
420 403 540 440 aetas
570 410 823 451 consumpse
855 400 1056 436 anteacta
1087 393 1276 449 diesque.

219 467 332 522 quod
363 466 400 508 si
430 466 476 507 in
507 480 556 507 eo
587 464 728 520 spatio
759 469 891 519 atque
923 468 1124 504 anteacta
1154 468 1300 504 aetate
1332 462 1449 504 fuere

218 551 241 577 e
273 535 430 591 quibus
462 535 565 576 haec
595 548 737 575 rerum
770 532 966 574 consistit
997 546 1167 573 summa
1197 531 1371 579 refecta,
1628 541 1708 583 235

219 604 438 646 inmortali
470 608 573 645 sunt
604 607 761 644 natura
791 601 989 657 praedita
1021 606 1148 650 certe,

220 675 328 716 haut
358 674 494 730 igitur
524 676 704 728 possunt
735 671 789 712 ad
820 671 958 712 nilum
991 684 1187 726 quaeque
1219 669 1391 712 reverti.

220 743 405 799 denique
437 757 504 783 res
535 740 672 783 omnis
705 740 854 782 eadem
886 739 951 781 vis
982 754 1196 795 causaque
1230 739 1354 795 volgo

220 812 456 860 conficeret,
490 810 572 851 nisi
603 810 805 851 materies
836 814 1013 850 aeterna
1044 813 1225 857 teneret,

220 881 334 923 inter
363 895 407 922 se
438 894 552 921 nexu
585 879 727 920 minus
757 884 834 920 aut
866 878 1003 933 magis
1034 876 1317 933 indupedita;
1630 887 1715 928 240

222 956 365 993 tactus
395 949 510 992 enim
542 948 619 990 leti
650 947 755 990 satis
787 953 900 989 esset
931 962 1059 989 causa
1088 948 1295 1003 profectO,

221 1020 392 1076 quippe,
425 1018 501 1060 ubi
531 1017 651 1059 nulla
682 1017 821 1058 forent
851 1022 1026 1058 aeterno
1057 1031 1241 1071 corpore,
1274 1030 1455 1071 quorum

222 1094 474 1131 contextum
506 1087 570 1128 vis
601 1086 778 1128 deberet
809 1086 1038 1128 dissolvere
1069 1100 1280 1142 quaeque.

222 1163 268 1200 at
298 1171 424 1206 nunc,
455 1156 570 1197 inter
601 1170 644 1197 se
677 1155 778 1211 quia
809 1170 945 1197 nexus
975 1155 1286 1211 principiorum

223 1225 453 1268 dissimiles
483 1230 683 1267 constant
714 1230 975 1280 aeternaque
1008 1224 1212 1265 materies
1244 1229 1322 1273 est,
1635 1232 1712 1274 245

223 1294 428 1337 incolumi
458 1299 686 1336 remanent
716 1309 782 1335 res
813 1309 998 1350 corpore,
1029 1294 1135 1335 dum
1168 1293 1274 1335 satis
1306 1292 1414 1334 acris

224 1366 289 1407 vis
319 1365 447 1407 obeat
476 1379 553 1421 pro
584 1369 759 1405 textura
790 1363 997 1419 cuiusque
1029 1368 1211 1418 reperta.

224 1434 341 1477 haud
372 1434 508 1491 igitur
537 1433 651 1475 redit
682 1432 736 1474 ad
768 1433 907 1474 nilum
939 1447 1006 1474 res
1037 1432 1138 1481 ulla,
1170 1431 1246 1473 sed
1277 1445 1424 1472 omnes

225 1504 404 1547 discidio
434 1503 619 1546 redeunt
650 1503 696 1544 in
726 1517 901 1558 corpora
932 1501 1141 1543 materiai.

224 1581 440 1632 postremo
470 1579 655 1630 pereunt
686 1572 856 1622 imbres,
888 1572 963 1613 ubi
996 1586 1067 1612 eos
1099 1576 1223 1626 pater
1253 1569 1405 1611 aether
1636 1579 1660 1609 2
1668 1577 1721 1620 50

225 1644 271 1686 in
302 1642 514 1700 gremium
549 1642 700 1683 matris
732 1641 862 1683 terrai
894 1639 1229 1696 praecipitavit3

227 1719 272 1755 at
304 1713 467 1754 nitidae
499 1718 684 1768 surgunt
716 1711 861 1767 fruges
891 1710 1085 1766 ramique
1117 1709 1336 1750 virescunt

228 1781 462 1830 arboribus,
493 1785 690 1822 crescunt
722 1779 840 1835 ipsae
873 1780 1051 1834 fetuque
1083 1782 1346 1834 gravantur3

228 1850 329 1891 hinc
360 1849 492 1890 alitur
521 1863 645 1904 porro
677 1854 871 1889 nostrum
903 1861 1040 1903 genus
1070 1852 1202 1901 atque
1235 1845 1434 1894 ferarum,

230 1919 330 1961 hinc
360 1919 495 1960 laetas
526 1917 654 1959 urbes
684 1917 829 1972 pueris
860 1916 1009 1958 florere
1041 1915 1238 1957 videmus
1641 1923 1721 1965 255

230 1988 566 2043 frondiferasque
598 1987 718 2028 novis
750 1986 903 2028 avibus
935 2000 1086 2027 canere
1117 1985 1310 2041 undique
1342 1983 1497 2035 silvas;

232 2057 332 2099 hinc
363 2057 497 2099 fessae
528 2056 714 2112 pecudes
745 2055 898 2112 pingui
928 2070 1006 2111 per
1035 2054 1197 2110 pabula
1227 2054 1344 2095 laeta

231 2141 406 2182 corpora
435 2126 660 2181 deponunt
692 2131 736 2166 et
768 2125 954 2167 candens
985 2124 1150 2166 lacteus
1184 2138 1308 2165 umor

232 2196 438 2239 uberibus
470 2200 618 2237 manat
649 2195 876 2247 distentis;
907 2195 1007 2236 hinc
1038 2209 1149 2235 nova
1180 2193 1321 2248 proles

234 2266 416 2308 artubus
445 2264 627 2307 infirmis
658 2271 828 2306 teneras
859 2264 1016 2306 lasciva
1045 2278 1122 2319 per
1154 2263 1308 2304 herbas
1645 2261 1729 2301 260

236 2335 350 2377 ludit
382 2334 495 2375 lacte
525 2348 642 2375 mero
674 2339 843 2375 mentes
873 2333 1068 2389 perculsa
1099 2332 1301 2373 novellas.

236 2404 354 2446 haud
384 2403 520 2460 igitur
549 2402 726 2459 penitus
758 2408 940 2458 pereunt
973 2415 1270 2457 quaecumque
1302 2399 1514 2447 videntur,

236 2473 406 2531 quando
437 2473 524 2515 alid
556 2487 608 2514 ex
639 2472 723 2514 alio
753 2472 891 2514 reficit
923 2477 1080 2513 natura
1110 2485 1190 2512 nec
1221 2470 1356 2511 ullam

235 2559 327 2586 rem
357 2542 479 2600 gigni
508 2542 678 2598 patitur
707 2541 791 2583 nisi
821 2545 959 2582 morte
989 2539 1144 2581 adiuta
1173 2539 1324 2580 aliena.

123 2714 279 2754 inyemtei
295 2711 402 2743 Lach.
423 2710 492 2742 and
508 2709 575 2741 Ed.
599 2708 637 2740 in
660 2708 712 2740 ed.
735 2708 765 2740 1.
855 2712 1069 2748 externaque.
1094 2710 1294 2746 extentaque
1314 2704 1422 2736 Lach.
1513 2705 1616 2743 lonye.
1642 2704 1732 2742 Zarye

124 2768 227 2799 Bern.
245 2765 314 2798 and
329 2765 394 2796 Ed.
411 2764 449 2795 in
464 2764 517 2796 ed.
536 2764 566 2795 1.
699 2762 763 2794 240
787 2773 874 2794 nexu
898 2762 992 2793 Mon.
1015 2761 1114 2792 Junt.
1137 2761 1190 2792 for
1210 2770 1325 2791 nemus.
1371 2757 1490 2790 Lamb.
1513 2757 1564 2789 ed.
1591 2758 1609 2788 1
1626 2756 1696 2788 and
1713 2757 1731 2787 2

125 2831 226 2853 nexas
243 2820 357 2862 (neoeus
374 2818 426 2850 ed.
445 2819 463 2849 1
479 2817 510 2849 is
527 2828 546 2849 a
561 2817 740 2857 misprint)
757 2817 826 2848 and
843 2817 1038 2856 indupedita
1048 2829 1060 2853 ;
1084 2814 1136 2846 ed.
1154 2816 1173 2846 3
1189 2813 1549 2853 nexus...endopedita.

126 2876 188 2908 257
207 2876 332 2916 pingui
358 2873 434 2905 Iun.
463 2872 698 2912 Philargyrius
726 2873 761 2903 to
787 2871 880 2912 Virg.
907 2881 997 2912 geor.
1023 2880 1066 2901 111
1093 2870 1156 2901 124
1181 2870 1234 2901 for
1255 2869 1405 2909 pinquis,
1433 2878 1472 2899 as
1495 2867 1616 2907 Heyne
1639 2866 1735 2898 there

127 2931 269 2963 notices.
403 2928 466 2960 263
489 2929 559 2960 alio
574 2927 667 2959 Nice.
684 2927 737 2959 for
751 2927 831 2958 allo.
965 2925 1028 2957 264
1051 2925 1174 2956 adiuta
1189 2924 1220 2955 A
1233 2933 1318 2955 corr.
1335 2922 1428 2954 Nice.
1446 2921 1499 2953 for
1515 2922 1648 2952 adlata.
