1997 3267
829 211 876 253 II
1595 216 1642 254 81

170 322 214 357 et
245 331 328 371 qua
359 317 401 357 vi
431 316 567 358 facere
596 317 641 358 id
672 321 879 372 cogantur
910 331 1104 372 quaeque
1134 317 1193 359 sit
1222 318 1318 360 ollis

169 384 337 426 reddita
367 384 581 426 mobilitas
611 399 815 439 magnum
847 399 923 439 per
951 385 1078 426 inane
1110 386 1290 434 meandi,
1595 389 1645 438 65

170 452 417 507 expediam:
458 458 507 493 tu
539 458 582 494 te
613 452 739 494 dictis
769 453 970 507 praebere
1001 459 1228 496 memento.

169 534 268 560 nam
299 526 412 562 certe
442 535 527 561 non
557 520 670 562 inter
700 535 744 562 se
774 521 936 576 stipata
965 521 1163 564 cohaeret

170 589 379 638 materies,
409 589 608 644 quoniam
640 589 776 629 minui
806 604 895 631 rem
927 605 1136 646 quamque
1168 591 1362 632 videmus

169 661 214 698 et
244 657 365 712 quasi
396 657 625 712 longinquo
656 657 786 698 fluere
818 658 960 699 omnia
991 659 1203 701 cernimus
1232 674 1340 700 aevo

169 739 221 766 ex
251 725 465 779 oculisque
497 730 759 766 vetustatem
790 725 1026 768 subducere
1058 728 1223 777 nostris,
1595 739 1650 781 70

169 808 265 834 cum
297 799 442 834 tamen
472 793 695 834 incolumis
727 793 923 835 videatur
952 810 1119 837 summa
1150 811 1320 837 manere

168 867 392 917 propterea
421 861 532 916 quia,
563 875 672 916 quae
702 861 915 903 decedunt
946 878 1118 919 corpora
1148 865 1313 919 cuique,

168 931 281 972 unde
310 930 471 971 abeunt
502 929 716 979 minuunt,
746 945 828 985 quo
859 945 1010 972 venere
1041 933 1242 988 augmine
1274 932 1446 982 donant,

168 1000 241 1040 illa
270 1013 484 1040 senescere
514 1004 559 1039 at
590 998 694 1040 haec
724 1004 871 1040 contra
900 1000 1117 1042 florescere
1148 1007 1316 1056 cogunt,

167 1083 244 1109 nec
273 1074 539 1110 remorantur
567 1068 639 1109 ibi.
670 1068 730 1109 sic
759 1083 900 1110 rerum
932 1084 1100 1111 summa
1128 1075 1310 1111 novatur
1594 1078 1644 1121 75

169 1152 345 1193 semper,
376 1142 419 1178 et
449 1137 563 1178 inter
593 1151 637 1178 se
668 1137 868 1178 mortales
900 1144 1052 1178 mutua
1087 1138 1249 1180 vivunt.

167 1211 404 1262 augescunt
433 1206 541 1247 aliae
571 1211 734 1261 gentes,
765 1207 874 1247 aliae
905 1206 1174 1256 minuuntur,

168 1275 297 1329 inque
328 1275 446 1316 brevi
477 1274 616 1329 spatio
648 1280 874 1316 mutantur
903 1276 1041 1317 saecla
1071 1274 1341 1316 animantum

168 1348 213 1383 et
243 1342 365 1397 quasi
395 1356 583 1383 cursores
614 1342 720 1383 vitai
751 1342 949 1397 lampada
979 1342 1167 1384 tradunt.

226 1410 273 1452 Si
303 1424 465 1451 cessare
496 1416 624 1465 putas
653 1425 794 1452 rerum
826 1411 1057 1466 primordia
1087 1425 1210 1466 posse
1592 1410 1651 1452 80

166 1479 451 1534 cessandoque
482 1493 611 1520 novos
641 1494 782 1520 rerum
813 1479 1065 1535 progignere
1097 1485 1251 1530 motus,

167 1548 287 1589 avius
317 1563 342 1588 a
372 1563 472 1589 vera
502 1548 625 1604 longe
656 1548 820 1589 ratione
851 1549 1028 1604 vagaris.

165 1632 265 1658 nam
296 1617 496 1672 quoniam
526 1632 604 1672 per
632 1617 759 1658 inane
790 1623 1012 1673 vagantur,
1043 1622 1198 1658 cuncta
1228 1621 1439 1657 necessest

166 1692 244 1727 aut
273 1687 488 1740 gravitate
519 1701 596 1727 sua
626 1686 725 1728 ferri
754 1686 986 1741 primordia
1016 1700 1158 1727 rerum

165 1758 242 1795 aut
271 1753 360 1795 ictu
392 1754 499 1794 forte
530 1753 716 1795 alterius.
748 1768 847 1794 nam
879 1768 973 1795 cum
1002 1753 1088 1793 cita
1118 1765 1244 1807 saepe
1592 1752 1642 1802 85

166 1820 294 1862 obvia
323 1820 558 1869 conflixere,
588 1820 638 1861 fit
669 1826 718 1862 ut
748 1821 914 1862 diversa
943 1825 1120 1874 repente

166 1888 402 1940 dissiliant3
446 1903 584 1944 neque
615 1889 730 1929 enim
760 1889 927 1937 mirum,
959 1888 1185 1929 durissima
1215 1902 1323 1942 quae
1354 1887 1439 1928 sint

166 1958 425 2014 ponderibus
455 1957 600 1998 solidis
630 1972 769 2012 neque
799 1957 1027 2012 quicquam
1058 1972 1083 1997 a
1114 1962 1234 2013 tergo
1264 1956 1360 1997 ibus
1391 1956 1542 1996 obstet.

167 2032 211 2069 et
242 2042 324 2082 quo
355 2027 505 2068 iactari
535 2026 671 2082 magis
702 2026 844 2067 omnia
875 2025 1071 2066 materiai

166 2111 339 2151 corpora
368 2095 604 2151 pervideas,
633 2095 902 2136 reminiscere
934 2095 1067 2135 totius
1098 2094 1233 2134 imum
1590 2104 1647 2143 90

166 2165 227 2206 nil
259 2179 349 2205 esse
380 2164 425 2204 in
456 2178 635 2213 summa,
665 2178 805 2218 neque
836 2163 992 2204 habere
1023 2163 1097 2203 ubi
1129 2176 1300 2217 corpora
1330 2161 1468 2215 prima

166 2232 411 2282 consistant,
443 2231 645 2286 quoniam
676 2231 863 2285 spatium
894 2231 984 2271 sine
1015 2230 1100 2271 fine
1131 2229 1382 2284 modoquest

165 2301 492 2355 inmensumque
523 2306 669 2355 patere
699 2300 745 2340 in
775 2305 950 2340 cunctas
981 2298 1169 2353 undique
1199 2297 1333 2353 partis

165 2368 359 2424 pluribus
390 2368 556 2409 ostendi
587 2374 631 2409 et
662 2373 778 2409 certa
807 2367 972 2408 ratione
1003 2367 1283 2422 probatumst.

165 2437 279 2492 quod
308 2437 509 2492 quoniam
539 2442 716 2486 constat,
747 2436 950 2477 nimirum
980 2436 1099 2476 nulla
1128 2435 1248 2491 quies
1279 2441 1343 2476 est
1588 2444 1641 2489 95

51 2621 197 2652 reliance
219 2630 282 2651 can
305 2620 345 2651 be
367 2619 485 2659 placed
508 2629 553 2650 on
577 2618 661 2649 such
684 2617 866 2650 citations:
899 2627 1008 2657 comp.
1032 2627 1067 2648 n.
1092 2619 1128 2649 to
1151 2627 1164 2648 1
1188 2617 1241 2649 66.
1416 2616 1457 2648 68
1481 2626 1641 2657 quamque

51 2677 196 2707 videmus
218 2675 311 2706 Nice.
332 2675 360 2705 B
384 2684 466 2706 corr.
492 2674 544 2705 for
565 2674 844 2713 quamquidemu&
977 2673 1018 2705 73
1037 2673 1190 2713 auqmine
1210 2672 1238 2703 B
1259 2681 1342 2704 corr.
1368 2671 1459 2703 Nico.
1484 2681 1568 2702 corr.
1592 2671 1644 2702 for

53 2732 191 2769 aymivze.
352 2729 393 2760 84
403 2730 491 2770 ferri
506 2728 598 2759 Nice.
615 2728 642 2758 B
659 2738 744 2759 corr.
763 2728 816 2759 for
832 2729 924 2759 terri.
1085 2727 1125 2758 85
1141 2737 1218 2758 nam
1232 2737 1304 2758 cum
1323 2727 1442 2768 (quom)
1460 2727 1528 2756 cita
1545 2725 1642 2756 Wak0

52 2784 104 2815 for
119 2794 195 2815 nam
211 2785 289 2816 cita.
339 2785 408 2815 cita
424 2793 559 2824 superne
577 2782 667 2814 Nico.
717 2784 846 2814 concita
862 2792 956 2822 saape
972 2781 1063 2812 Flor.
1081 2781 1121 2812 31
1140 2781 1256 2812 Gamb.
1414 2780 1454 2811 86
1471 2781 1641 2819 conflixere

53 2839 171 2871 Lamb.
192 2838 229 2869 in
245 2840 343 2869 notes
359 2839 411 2869 for
426 2840 615 2878 conflexere.
664 2838 847 2876 confluxere
860 2836 951 2867 Nico.
970 2838 1032 2867 etc.
1080 2837 1280 2875 cumflz'xere
1296 2834 1417 2865 Lamb.
1462 2839 1500 2865 ut
1514 2834 1641 2865 Avanc.

53 2893 104 2923 for
118 2894 181 2923 uti.
226 2894 278 2923 ita
293 2894 344 2923 uti
360 2892 448 2924 Flor.
470 2892 509 2923 31
528 2891 644 2923 Camb.
665 2893 729 2921 etc.
940 2891 982 2921 88
999 2894 1087 2929 tergo
1103 2890 1176 2920 ibus
1193 2889 1237 2920 Is.
1258 2888 1398 2919 Vossius
1414 2887 1449 2918 in
1465 2897 1527 2919 ms.
1546 2889 1644 2918 notes

55 2945 129 2987 (not
152 2946 298 2988 Preiger)
320 2948 410 2977 most
432 2945 560 2986 rightly
580 2945 632 2976 for
653 2946 804 2985 teryibus.
937 2944 977 2977 95
1000 2945 1096 2975 ‘nulla
1118 2943 1210 2974 Nico.
1230 2943 1282 2974 for
1302 2944 1417 2974 multa.
1463 2944 1572 2973 invita
1596 2941 1642 2972 Is.

167 3022 210 3052 M.
1505 3009 1528 3048 6
