1997 3267
227 185 306 224 118
1001 177 1050 219 II

363 287 507 329 omnia
534 286 739 342 perduxit
768 300 912 327 rerum
942 290 1099 326 natura
1129 284 1335 335 creatrix3

363 362 415 398 ut
445 356 496 397 fit
528 355 602 397 ubi
632 355 720 396 nilo
750 354 836 395 iam
868 354 966 409 plus
997 358 1063 395 est
1093 352 1206 408 quod
1237 351 1365 394 datur
1395 352 1510 394 intra

366 425 512 467 vitalis
542 440 671 467 venas
702 439 831 480 quam
862 423 976 479 quod
1006 422 1104 464 fluit
1134 422 1274 477 adque
1304 421 1474 464 recedit.

365 494 563 536 omnibus
593 493 663 535 hic
694 499 812 535 aetas
843 492 972 534 debet
1004 492 1235 533 consistere
1266 491 1405 541 rebus,
1721 503 1830 535 1120

366 564 434 605 hic
464 568 621 604 natura
652 562 742 604 suis
772 562 960 603 refrenat
991 561 1155 603 viribus
1186 566 1374 603 auctum.

366 647 466 674 nam
498 645 793 687 quaecumque
824 630 944 671 vides
976 630 1109 672 hilaro
1139 629 1417 686 grandescere
1449 629 1635 671 adauctu

366 699 662 755 paulatimque
693 698 851 754 gradus
882 698 1039 739 aetatis
1069 697 1270 740 scandere
1301 698 1487 748 adultae,

367 769 491 824 plura
521 768 604 809 sibi
634 767 870 809 adsumunt
901 782 1030 822 quam
1061 767 1115 808 de
1145 782 1190 809 se
1221 782 1395 823 corpora
1425 767 1623 817 mittunt,

368 836 472 877 dum
504 835 627 877 facile
658 836 703 877 in
734 850 865 877 venas
896 835 1016 877 cibus
1047 835 1186 877 omnis
1217 835 1383 877 inditur
1414 841 1459 877 et
1489 835 1593 877 dum
1722 846 1826 888 1125

364 920 451 947 non
481 905 544 946 ita
574 910 676 946 sunt
707 904 794 945 late
826 903 1016 959 dispessa
1046 910 1097 945 ut
1127 904 1267 945 multa
1297 904 1525 946 remittant

367 980 411 1016 et
441 974 538 1030 plus
569 973 767 1029 dispendi
798 973 957 1015 faciant
988 988 1117 1029 quam
1148 973 1337 1015 vescitur
1366 980 1494 1015 aetas.

365 1058 465 1084 namn
495 1048 610 1084 certe
641 1043 773 1084 fluere
804 1042 944 1098 adque
974 1042 1170 1084 recedere
1201 1057 1374 1098 corpora
1403 1042 1530 1084 rebus

366 1113 505 1153 multa
535 1127 687 1153 manus
718 1111 908 1153 dandum
940 1117 1030 1163 est3
1070 1111 1146 1153 sed
1176 1112 1300 1167 plura
1330 1112 1529 1154 accedere
1561 1112 1731 1163 debent,

367 1181 501 1223 donec
532 1181 746 1222 alescendi
777 1195 994 1222 summum
1027 1180 1210 1236 tetigere
1242 1196 1457 1224 cacumen.
1723 1193 1831 1235 1130

368 1251 468 1292 inde
500 1250 750 1291 minutatim
782 1250 892 1291 vires
924 1255 968 1291 et
998 1250 1128 1291 robur
1157 1250 1355 1291 adultum

369 1320 529 1376 frangit
560 1326 603 1361 et
634 1319 680 1360 in
710 1324 878 1375 partem
909 1319 1097 1374 peiorem
1129 1318 1310 1373 liquitur
1340 1323 1468 1360 aetas,

368 1389 528 1445 quippe
559 1389 720 1431 etenim
752 1394 913 1444 quanto
943 1393 1009 1430 est
1039 1402 1106 1429 res
1137 1387 1328 1443 amplior,
1360 1388 1564 1444 augmine
1595 1388 1808 1445 adempto,

368 1464 413 1500 et
442 1473 526 1513 quo
558 1457 684 1499 latior
715 1462 792 1507 est,
823 1458 868 1498 in
899 1462 1076 1498 cunctas
1107 1457 1298 1512 undique
1331 1456 1465 1512 partis

367 1527 493 1582 plura
523 1527 647 1568 modo
679 1526 891 1582 dispargit
922 1531 966 1567 et
996 1525 1051 1567 ab
1082 1540 1127 1566 se
1159 1540 1333 1579 corpora
1363 1525 1514 1576 mittit,
1721 1537 1827 1579 1135

367 1611 446 1638 1100
477 1596 598 1637 facile
629 1596 675 1637 in
707 1610 838 1637 venas
869 1595 990 1637 cibus
1021 1595 1159 1636 omnis
1190 1595 1355 1636 diditur
1385 1594 1425 1635 ei

367 1679 446 1705 nec
476 1664 581 1705 satis
612 1668 690 1713 est,
720 1678 928 1718 proquam
960 1663 1097 1718 largos
1129 1668 1354 1704 exaestuat
1384 1667 1542 1713 aestus,

367 1732 482 1774 unde
514 1738 644 1787 queat
676 1737 849 1773 tantum
881 1731 1063 1772 suboriri
1093 1746 1142 1772 ac
1173 1730 1459 1786 subpeditare.

231 1803 338 1854 1146
368 1801 510 1842 omnia
541 1800 670 1841 debet
702 1800 817 1841 enim
849 1800 968 1841 cibus
999 1799 1215 1856 integrare
1245 1799 1441 1840 novando

368 1877 414 1913 et
444 1871 592 1912 fulcire
624 1870 754 1920 cibus,
787 1870 899 1912 cibus
929 1870 1072 1911 omnia
1102 1875 1356 1918 sustentare,
1722 1883 1832 1923 1140

367 1939 641 1994 nequiquam,
672 1938 874 1994 quoniam
905 1953 983 1980 nec
1014 1953 1148 1979 venae
1179 1937 1484 1993 perpetiuntur

368 2007 482 2063 quod
512 2007 617 2048 satis
648 2012 713 2048 est
743 2021 883 2062 neque
915 2012 1127 2062 quantum
1160 2021 1266 2062 opus
1298 2012 1363 2048 est
1393 2011 1551 2047 natura
1581 2006 1809 2048 ministrat.

231 2089 339 2130 1139
369 2077 460 2118 iure
491 2076 626 2133 igitur
656 2081 851 2132 pereunt,
882 2090 980 2117 cum
1011 2075 1219 2117 rarefacta
1250 2075 1422 2117 fluendo

225 2236 335 2267 where
351 2235 410 2267 the
425 2245 508 2266 mss.
522 2235 621 2267 make
627 2236 713 2276 finis
730 2245 834 2267 masc.
937 2236 1065 2275 perfica
1081 2234 1139 2265 AB
1156 2235 1301 2267 Nonius.
1343 2236 1466 2276 perfice
1481 2235 1510 2266 A
1525 2245 1611 2267 corr.
1628 2235 1721 2268 Nice.

270 2291 354 2322 1120
378 2292 432 2322 hic
462 2289 527 2321 Ed.
559 2290 611 2321 for
640 2291 702 2327 his,
727 2300 766 2322 as
796 2290 833 2321 in
866 2290 961 2322 1089.
1031 2291 1083 2321 his
1113 2290 1208 2321 rebus
1238 2289 1318 2321 here
1349 2289 1413 2321 has
1437 2299 1482 2322 no
1505 2299 1600 2321 more
1623 2299 1721 2322 sense
1743 2290 1830 2322 than

226 2344 333 2376 there.
425 2345 507 2375 1122
525 2345 808 2376 hilar...adauctu
823 2345 893 2376 AB.
940 2345 1046 2376 hilari
1063 2343 1192 2375 Avanc.
1238 2345 1347 2375 hilaro
1363 2354 1457 2376 more
1471 2344 1600 2385 rightly
1614 2344 1735 2377 Lamb.

271 2399 354 2429 1124
370 2409 506 2439 corpora
521 2399 613 2431 Nice.
631 2400 658 2430 B
672 2409 757 2430 corr.
775 2399 826 2430 for
844 2410 930 2432 cora.
1111 2399 1195 2430 1126
1212 2400 1359 2440 dispessa
1377 2399 1440 2431 Ed.
1457 2399 1511 2430 for
1525 2401 1692 2440 dispersa:
1716 2409 1825 2440 comp.

226 2462 268 2484 111
288 2454 351 2485 988
372 2454 526 2493 dispessis
550 2454 718 2484 membris:
743 2453 892 2493 dispersa
914 2452 979 2484 has
1001 2452 1082 2484 here
1105 2462 1151 2484 no
1175 2462 1295 2485 sense:
1319 2463 1340 2484 a
1363 2453 1556 2493 full-grown
1580 2463 1663 2485 man
1684 2453 1715 2485 is
1737 2446 1846 2485 more⁴

229 2511 405 2549 dispessus‚
429 2507 491 2539 but
515 2510 576 2538 not
607 2518 700 2539 more
728 2509 894 2548 dispersus
916 2507 1002 2539 than
1026 2517 1046 2538 a
1070 2507 1185 2540 child:
1217 2509 1365 2548 dispessa
1388 2507 1418 2538 is
1440 2507 1499 2539 the
1522 2517 1614 2539 same
1636 2517 1674 2539 as
1696 2507 1756 2540 the
1778 2518 1829 2540 res

227 2562 370 2601 amplior
391 2565 423 2592 et
447 2561 548 2591 latior
571 2559 608 2591 of
630 2560 722 2592 1133.
861 2561 944 2593 1129
968 2561 1083 2591 debent
1105 2559 1197 2590 Flor.
1223 2560 1263 2591 31
1288 2559 1403 2592 Camb.
1431 2560 1483 2591 for
1505 2560 1609 2591 debet.
1747 2560 1830 2592 1131

227 2616 338 2647 robur.
404 2615 500 2645 robor
529 2613 597 2653 AB,
625 2613 770 2654 perhaps
801 2613 948 2654 rightly3
973 2613 1034 2645 but
1066 2613 1258 2653 Quintilian
1286 2623 1364 2654 says
1388 2613 1464 2644 that
1491 2612 1634 2644 ‘summi
1655 2613 1830 2645 auctores’

228 2668 323 2699 write
338 2669 447 2708 robur,
468 2669 556 2699 ebur.
701 2668 784 2699 1135
801 2669 841 2699 ab
857 2679 889 2699 se
906 2667 1011 2699 Lach.
1027 2667 1081 2699 for
1097 2678 1118 2698 a
1132 2677 1177 2704 se,
1194 2667 1295 2698 Lucr.
1313 2677 1351 2699 as
1367 2677 1387 2699 a
1402 2667 1475 2698 rule
1491 2666 1590 2706 using
1606 2668 1647 2698 ab
1663 2667 1777 2701 before
1791 2680 1806 2701 s
1821 2679 1829 2702 τ

227 2726 290 2759 but
306 2727 324 2758 I
337 2726 425 2759 have
439 2735 499 2766 my
513 2725 638 2757 doubts
654 2723 754 2755 here:
780 2733 834 2755 see
849 2722 953 2754 Lach.
975 2724 1010 2754 to
1026 2731 1062 2753 VI
1077 2722 1159 2753 925:
1184 2721 1286 2753 Lucr.
1302 2731 1381 2761 may
1396 2721 1483 2753 have
1497 2720 1613 2753 varied
1628 2721 1684 2753 his
1698 2731 1814 2764 usage.

273 2781 357 2812 1136
373 2781 504 2812 diditur
519 2780 605 2811 Mar.
622 2778 696 2810 AJd.
717 2778 814 2810 Junt.
833 2778 884 2809 for
901 2778 1046 2808 deditur.
1141 2777 1225 2807 1138
1242 2781 1342 2816 queat
1359 2776 1444 2807 Mar.
1462 2775 1559 2807 Junt.
1577 2776 1628 2807 for
1645 2782 1780 2817 queant.

274 2834 487 2866 1139—1142
512 2832 773 2873 (1146—1149)2
798 2831 924 2863 Goebel
947 2832 1075 2870 quaest.
1102 2830 1204 2861 Lucr.
1229 2829 1304 2861 crit.
1327 2839 1361 2870 p.
1387 2831 1428 2861 33
1450 2829 1514 2861 has
1541 2829 1617 2861 first
1644 2839 1723 2862 seen
1753 2830 1831 2863 that

230 2888 326 2920 these
340 2898 451 2919 verses
467 2897 524 2919 are
539 2889 575 2919 to
590 2896 685 2918 come
701 2886 788 2917 after
805 2887 904 2917 1138:
929 2885 989 2917 the
1004 2884 1104 2924 thing
1121 2883 1246 2916 admits
1262 2883 1299 2915 of
1313 2893 1359 2915 no
1375 2883 1534 2924 question
1548 2894 1557 2922 ;
1580 2883 1712 2924 though
1727 2884 1755 2917 it
1766 2885 1831 2918 has

231 2941 372 2982 escaped
394 2942 441 2974 all
462 2941 521 2974 the
542 2940 668 2973 editors
691 2939 760 2972 and
782 2940 888 2971 Lach.
1058 2939 1142 2970 1140
1165 2939 1256 2970 cibus
1280 2937 1389 2970 added
1411 2938 1455 2978 by
1470 2938 1516 2970 Is.
1539 2937 1682 2970 Vossius
1704 2938 1741 2970 in
1763 2949 1829 2972 ms.
