1997 3267
212 164 288 205 192
971 148 1034 188 IV

321 271 458 312 usque
489 255 594 297 adeo
625 253 771 309 magni
802 254 932 296 refert
962 254 1156 296 studium
1186 260 1317 309 atque
1350 255 1559 309 voluptas,

322 330 366 366 et
397 324 554 380 quibus
587 323 632 364 in
662 322 792 363 rebus
822 322 1066 364 consuerint
1097 336 1188 364 esse
1219 322 1383 377 operati
1722 323 1804 375 985

322 407 407 434 non
439 391 634 433 homines
665 390 803 432 solum
834 390 908 432 sed
941 405 1042 432 vero
1072 389 1275 431 animalia
1306 396 1469 432 cuncta.

324 460 484 516 quippe
516 459 681 500 videbis
713 473 844 514 equos
875 458 1007 508 fortis,
1038 473 1135 500 cum
1166 458 1359 500 membra
1389 458 1602 509 iacebunt,

322 528 368 570 in
398 527 556 570 somnis
587 527 741 568 sudare
772 534 919 568 tamen
950 527 1197 582 spirareque
1227 541 1395 582 semper

322 602 367 638 et
398 595 520 650 quasi
550 595 604 637 de
635 595 779 651 palma
809 609 999 636 summas
1029 595 1285 637 contendere
1316 595 1428 647 viris,

322 670 399 706 aut
431 663 553 719 quasi
584 663 824 705 carceribus
853 663 1082 718 patefactis
1722 673 1810 719 990

206 747 292 789 999
322 739 645 786 venantumque
677 745 801 773 canes
832 731 878 772 in
909 731 1027 772 molli
1056 745 1183 786 saepe
1214 731 1361 787 quiete

206 815 283 857 991
321 802 486 843 iactant
517 815 639 842 crura
670 806 815 841 tamen
848 800 991 842 subito
1022 800 1220 855 vocisque
1251 806 1429 856 repente

322 870 507 911 mittunt
540 874 584 910 et
615 868 762 910 crebro
792 868 1034 910 redducunt
1064 868 1240 910 naribus
1271 883 1407 919 auras,

321 944 372 980 ut
402 937 587 993 vestigia
617 937 653 978 si
684 943 861 978 teneant
894 937 1070 978 inventa
1101 937 1298 986 ferarum,

322 1006 699 1064 expergefactique
731 1013 935 1047 secuntur
966 1005 1112 1047 inania
1141 1020 1268 1062 saepe
1724 1015 1806 1060 995

206 1087 287 1131 995
322 1090 544 1118 cervorum
575 1074 814 1124 simulacra,
846 1074 972 1129 fugae
1004 1074 1126 1129 quasi
1157 1074 1305 1116 dedita
1333 1080 1521 1126 cernant,

322 1145 456 1187 donec
487 1144 690 1186 discussis
720 1143 900 1185 redeant
932 1144 1146 1187 erroribus
1176 1143 1229 1185 ad
1260 1158 1315 1186 se.

322 1220 368 1257 at
398 1220 604 1256 consueta
635 1213 751 1255 domi
783 1213 1024 1254 catulorum
1056 1212 1214 1254 blanda
1244 1227 1431 1269 propago

207 1287 292 1340 998
325 1284 540 1326 discutere
572 1290 617 1325 et
648 1297 801 1338 corpus
831 1282 885 1324 de
917 1290 1029 1323 terra
1061 1282 1268 1338 corripere
1300 1282 1465 1324 instant
1726 1293 1812 1337 999

324 1353 500 1409 proinde
532 1352 652 1408 quasi
685 1352 855 1409 ignotas
886 1351 1013 1393 facies
1043 1357 1175 1407 atque
1205 1366 1279 1393 ora
1309 1357 1500 1394 tuantur.
1703 1363 1812 1404 1004

323 1428 368 1464 et
399 1437 482 1478 quo
513 1436 709 1477 quaeque
740 1421 878 1477 magis
910 1426 1011 1462 sunt
1043 1435 1192 1476 aspera
1222 1420 1511 1471 seminiorum,

324 1497 414 1534 tam
447 1491 584 1548 magis
615 1491 659 1532 in
691 1491 851 1532 somnis
883 1491 1031 1532 eadem
1063 1490 1224 1532 saevire
1256 1496 1484 1532 necessust.

323 1566 370 1602 at
400 1561 541 1601 variae
575 1560 749 1614 fugiunt
780 1560 972 1601 volucres
1003 1558 1232 1615 pinnisque
1263 1564 1442 1614 repente

323 1629 557 1671 sollicitant
588 1628 732 1670 divom
765 1634 972 1669 nocturno
1004 1634 1197 1683 tempore
1229 1627 1356 1677 lucos,

324 1697 549 1753 accipitres
579 1711 727 1738 somno
759 1696 804 1737 in
836 1696 920 1737 leni
953 1696 989 1738 si
1020 1695 1180 1751 proelia
1210 1709 1377 1752 pugnas

323 1766 448 1809 edere
479 1772 582 1808 sunt
613 1772 908 1822 persectantes
940 1766 1142 1821 visaeque
1173 1765 1374 1807 volantes.
1705 1777 1814 1808 1010

322 1849 444 1891 porro
476 1834 699 1876 hominum
731 1841 911 1881 mentes,
946 1834 1114 1891 magnis
1144 1849 1254 1889 quae
1286 1833 1476 1875 motibus
1506 1833 1642 1876 edunt

322 1918 490 1960 magna,
520 1903 673 1944 itidem
704 1917 830 1958 saepe
861 1902 907 1944 in
938 1903 1099 1944 somnis
1130 1902 1382 1957 faciuntque
1412 1908 1668 1959 geruntque,

324 1986 447 2027 reges
478 1979 742 2027 expugnant,
774 1971 1014 2025 capiuntur,
1046 1972 1208 2027 proelia
1238 1972 1431 2021 miscent,

324 2039 485 2080 tollunt
516 2039 744 2080 clamorem
776 2040 898 2094 quasi
931 2039 967 2080 si
999 2039 1254 2095 iugulentur
1283 2039 1457 2083 ibidem.

323 2107 452 2149 multi
483 2106 735 2163 depugnant
765 2107 1041 2163 gemitusque
1071 2107 1290 2149 doloribus
1321 2107 1457 2149 edunt
1707 2117 1811 2161 1015

211 2262 407 2302 Scenatque.
583 2262 645 2294 984
669 2262 820 2301 voluptas
844 2260 949 2293 Lach.
977 2261 1030 2292 for
1053 2262 1217 2292 voluntas.
1388 2261 1452 2293 989
1476 2261 1515 2292 de
1534 2262 1653 2301 palma
1674 2270 1816 2292 summas

209 2315 330 2347 Lamb.
348 2316 399 2347 for
412 2317 553 2356 palmas.
600 2317 724 2355 palmis
742 2316 770 2345 A
787 2325 872 2346 corr.
891 2315 984 2346 Nice.
1003 2315 1050 2347 all
1066 2316 1180 2347 before
1196 2315 1317 2346 Lamb.
1513 2315 1578 2348 990
1592 2325 1689 2356 saepe
1704 2316 1815 2356 quiete

210 2370 322 2402 which
337 2379 419 2401 mss.
437 2370 504 2401 add
521 2372 556 2401 at
573 2370 640 2401 end
657 2370 720 2401 has
737 2371 774 2401 of
785 2380 904 2401 course
921 2380 1015 2401 come
1033 2370 1120 2401 from
1138 2371 1200 2403 991
1220 2370 1309 2411 (999)
1328 2369 1398 2402 and
1414 2369 1620 2410 supplanted
1634 2369 1695 2401 the
1707 2369 1831 2401 words'

211 2424 247 2456 of
260 2424 361 2455 Lucr.
407 2424 561 2463 colliyere
579 2428 703 2454 aestum
719 2423 823 2454 Laeh.
842 2424 959 2455 offers:
984 2424 1067 2454 velle
1085 2425 1197 2455 volare
1214 2422 1325 2463 might
1341 2423 1414 2454 also
1431 2423 1485 2455 do.
1645 2423 1708 2455 991
1726 2422 1815 2465 (999)

210 2488 279 2510 was
294 2476 440 2517 brought
456 2477 536 2508 here
552 2477 596 2517 by
613 2477 688 2508 Ald.
709 2479 725 2508 1
743 2478 839 2509 Juut.
858 2478 927 2509 and
943 2478 988 2518 by
1005 2478 1109 2515 Mon„
1128 2478 1189 2509 but
1206 2478 1301 2510 there
1318 2479 1381 2511 998
1398 2479 1461 2511 999
1484 2477 1561 2518 (997
1577 2477 1654 2519 998)
1676 2476 1817 2518 precede

210 2533 248 2566 it.
397 2534 460 2566 992
476 2533 583 2563 vocis:
609 2542 662 2563 see
679 2542 713 2563 n.
732 2535 768 2563 to
784 2542 797 2563 1
814 2533 877 2565 744
887 2534 1013 2573 frugis.
1060 2544 1150 2564 voces
1167 2533 1274 2564 Lach.
1291 2533 1383 2573 vulg.
1530 2532 1595 2565 996
1605 2533 1712 2572 fugae
1729 2531 1815 2564 Mar.

209 2587 285 2618 Ald.
305 2587 322 2617 1
340 2586 438 2618 Junt.
455 2585 530 2616 first
547 2586 597 2615 for
607 2586 705 2625 fuya.
912 2587 974 2619 997
992 2588 1128 2618 redeant
1141 2588 1305 2618 err0r1'bus
1322 2586 1442 2619 Lamb.
1463 2587 1551 2618 after
1567 2585 1748 2618 Turnebus
1762 2586 1818 2618 for

210 2641 347 2672 redeant
371 2640 562 2671 terroribus.
767 2640 980 2671 1000-1003
1003 2649 1061 2671 are
1084 2641 1211 2681 merely
1235 2641 1407 2673 992-995
1431 2639 1594 2681 repeated
1615 2639 1760 2672 because
1781 2640 1820 2672 of

212 2695 273 2728 991
293 2694 398 2736 (999):
423 2703 477 2725 see
493 2693 727 2724 introduction
746 2704 778 2734 p.
798 2696 849 2726 ¹29.
994 2695 1076 2726 1005
1094 2705 1169 2735 quo.
1217 2705 1316 2735 quam
1331 2694 1451 2727 Lamb.
1471 2695 1634 2735 wrongly.
1722 2696 1816 2727 semi-

211 2750 349 2780 niorum.
373 2749 497 2779 semina
523 2757 632 2778 eorum
655 2747 775 2778 Lamb.
803 2748 956 2780 ιΜειιᾛΠ.
984 2752 1017 2779 et
1045 2749 1133 2788 vulg.
1167 2749 1299 2780 semina
1327 2749 1458 2780 eorum’
1488 2758 1565 2790 says
1592 2749 1662 2780 Gif.
1687 2749 1756 2781 and
1779 2758 1816 2781 so

211 2803 299 2834 Mar.
316 2802 464 2842 changes
479 2803 690 2834 seminiorum
707 2803 742 2834 of
759 2803 851 2835 Mon.
869 2806 905 2835 to
921 2806 1048 2835 semina
1065 2815 1184 2835 eorum.
1231 2805 1328 2835 Junt.
1346 2803 1410 2835 has
1425 2803 1554 2845 rightly
1568 2805 1788 2836 seminiorum.

258 2857 341 2888 1009
365 2866 423 2896 que
441 2855 591 2896 wrongly
609 2855 718 2887 added
733 2855 777 2895 by
794 2857 877 2889 Mar.
898 2857 974 2888 Ald.
993 2858 1010 2888 1
1027 2857 1123 2889 Junt.
1143 2857 1233 2898 vulg.
1251 2860 1287 2889 at
1303 2857 1386 2889 end:
1411 2867 1465 2889 see
1481 2867 1509 2888 11
1526 2857 1599 2888 118.
1733 2857 1816 2889 1011

212 2911 352 2942 motibus
374 2910 468 2942 Mon.
485 2910 586 2941 Pont.
603 2910 678 2941 Ald.
697 2911 714 2941 1
732 2910 829 2942 Junt.
846 2911 936 2952 vulg.
959 2912 1011 2944 for
1030 2913 1203 2945 montibus.
1253 2912 1382 2952 Maqna
1403 2912 1421 2943 I
1441 2911 1515 2953 join
1533 2910 1617 2943 with
1634 2910 1723 2943 what
1743 2921 1816 2952 pre-
