1997 3267
854 183 902 223 II
1600 196 1673 238 115

192 304 385 346 quaeque
416 290 461 330 in
491 304 535 331 se
565 288 746 338 cohibet,
778 289 969 343 palantia
1000 289 1138 330 sidera
1169 290 1338 344 passim,

192 359 423 413 lunamque
454 363 498 399 et
527 357 627 398 solis
657 357 872 412 praeclara
902 356 995 397 luce
1026 356 1236 409 nitorem;

193 427 336 469 omnia
367 441 476 482 quae
506 441 620 467 nunc
650 424 686 466 si
716 425 905 480 primum
936 425 1188 466 mortalibus
1219 431 1372 476 essent,

192 511 243 537 ex
274 495 488 551 inproviso
518 495 552 536 si
583 509 697 535 nunc
727 494 895 535 obiecta
924 500 1113 549 repente,

192 564 295 621 quid
325 564 462 619 magis
493 563 558 605 his
587 563 716 604 rebus
745 567 915 618 poterat
946 563 1141 604 mirabile
1173 563 1258 604 dici
1571 577 1673 618 1035

191 639 268 674 aut
298 633 439 674 minus
469 637 570 674 ante
601 631 714 686 quod
744 631 953 672 auderent
985 632 1071 673 fore
1102 632 1272 673 credere
1303 636 1486 687 gentes?

190 701 264 751 nil,
294 706 344 742 ut
374 700 543 755 opinor:
583 699 647 741 ita
677 698 780 740 haec
810 699 971 755 species
1002 700 1196 741 miranda
1226 700 1389 744 fuisset.

192 785 320 826 quam
351 769 432 811 tibi
462 769 547 810 iam
577 783 715 817 nemo,
746 768 881 809 fessus
911 768 1068 810 satiate
1098 769 1285 820 videndi,

193 838 404 893 suspicere
434 838 479 878 in
510 836 615 878 caeli
645 836 851 892 dignatur
880 836 1022 878 lucida
1052 838 1237 893 templa!

192 906 339 948 desine
370 910 628 961 quapropter
656 904 850 945 novitate
881 905 1112 946 exterritus
1143 905 1237 961 ipsa
1572 919 1679 959 1040

192 988 376 1029 expuere
407 988 459 1014 ex
489 972 631 1013 animo
662 972 883 1022 rationem,
914 972 989 1014 sed
1019 973 1156 1029 magis
1185 973 1272 1015 acri

192 1042 350 1084 iudicio
379 1041 594 1097 perpende
625 1046 681 1091 et,
711 1041 747 1083 si
778 1041 859 1082 tibi
890 1057 990 1083 vera
1020 1042 1234 1092 videntur,

192 1111 298 1153 dede
330 1126 493 1160 manus,
523 1116 611 1159 aut,
641 1110 678 1151 si
709 1110 864 1151 falsum
895 1116 971 1159 est,
1003 1112 1223 1167 accingere
1254 1118 1412 1155 contra.

192 1179 360 1234 quaerit
390 1178 504 1220 enim
535 1177 744 1219 rationem
776 1178 957 1227 animus,
988 1193 1084 1220 cum
1117 1194 1285 1220 sumnia
1315 1180 1395 1221 loci
1425 1180 1481 1222 sit

192 1248 362 1289 infinita
392 1247 492 1288 foris
522 1247 626 1288 haec
657 1252 779 1288 extra
809 1247 977 1289 moenia
1007 1248 1170 1298 mundi,
1573 1260 1673 1301 1045

193 1316 298 1372 quid
328 1317 384 1357 sit
415 1316 476 1357 ibi
506 1330 628 1371 porro
660 1330 744 1371 quo
775 1317 1013 1372 prospicere
1044 1332 1179 1372 usque
1210 1318 1316 1359 velit
1347 1333 1467 1360 mens

192 1391 322 1441 atque
354 1385 487 1427 animi
517 1385 655 1426 iactus
686 1385 794 1426 liber
825 1400 908 1441 quo
939 1386 1130 1441 pervolet
1160 1387 1262 1442 ipse.

252 1454 466 1510 Principio
495 1454 617 1495 nobis
647 1453 693 1495 in
724 1460 899 1496 cunctas
930 1455 1121 1510 undique
1151 1456 1287 1511 partis

192 1531 237 1567 et
268 1525 399 1566 latere
431 1539 483 1566 ex
514 1530 697 1579 utroque
727 1539 861 1579 supra
891 1531 1124 1580 supterque
1155 1540 1231 1581 per
1262 1540 1387 1568 omne

192 1594 312 1635 nulla
342 1598 407 1634 est
437 1593 559 1645 finis3
599 1593 665 1634 uti
696 1593 832 1642 docui,
862 1607 929 1634 res
959 1593 1137 1649 ipsaque
1168 1609 1244 1649 per
1274 1610 1318 1636 se
1573 1603 1681 1646 1050

195 1662 460 1712 vociferatur,
491 1667 535 1703 et
567 1661 707 1703 elucet
736 1667 893 1702 natura
923 1662 1133 1716 profundi.

193 1733 310 1775 nullo
341 1733 427 1774 iam
457 1738 583 1787 pacto
613 1731 703 1773 veri
733 1731 873 1773 simile
905 1747 993 1774 esse
1024 1731 1321 1787 putandumst,

193 1802 383 1857 undique
413 1816 511 1842 cum
542 1815 712 1842 vorsum
743 1801 931 1856 spatium
963 1807 1084 1842 vacet
1115 1801 1335 1842 infinitum

193 1871 440 1926 seminaque
471 1870 694 1911 innumero
724 1885 902 1911 numero
933 1885 1185 1925 summaque
1214 1870 1426 1926 profunda

193 1938 460 1980 multimodis
491 1938 675 1979 volitent
705 1943 879 1979 aeterno
909 1938 1072 1993 percita
1102 1943 1235 1988 motu,
1574 1949 1675 1991 1055

195 2005 308 2046 hunc
337 2019 474 2046 unum
504 2009 715 2045 terrarum
746 2004 890 2045 orbem
922 2005 1172 2060 caelumque
1203 2011 1408 2056 creatum,

191 2074 254 2116 nil
284 2089 409 2130 agere
440 2074 514 2114 illa
544 2074 643 2114 foris
673 2078 740 2115 tot
771 2088 944 2129 corpora
973 2074 1193 2124 materiai3

193 2158 291 2184 cum
321 2143 572 2198 praesertim
604 2143 673 2183 hic
703 2142 759 2183 sit
789 2149 945 2184 natura
976 2144 1126 2193 factus,
1156 2149 1206 2185 ut
1237 2143 1330 2200 ipsa

192 2216 344 2266 sponte
375 2226 453 2252 sua
482 2211 589 2252 forte
620 2210 865 2252 offensando
896 2211 1059 2252 semina
1089 2226 1244 2261 rerum,

192 2279 459 2321 multimodis
489 2285 651 2321 temere
681 2279 895 2321 incassum
927 2280 1168 2336 flustraque
1200 2286 1357 2331 coacta,
1573 2283 1681 2323 1060

78 2399 245 2430 videmus:
269 2398 456 2439 Principio,
476 2399 484 2414 ‘
495 2397 586 2428 chief
607 2397 644 2428 of
665 2398 712 2429 all
724 2398 740 2430 ⁵.
790 2397 910 2431 Lamb.
934 2397 998 2430 has
1013 2399 1187 2439 Principio
1205 2400 1293 2440 quod
1308 2409 1373 2430 ‘non
1389 2408 1431 2431 m.
1447 2408 1489 2430 m.
1506 2409 1537 2431 ο.
1553 2399 1678 2430 Paula-

80 2455 150 2490 tim,
174 2454 260 2485 caeli
283 2455 346 2485 cet.
374 2462 418 2484 on
440 2462 487 2484 no
510 2452 696 2493 authority,
720 2452 850 2493 though
872 2452 916 2485 he
939 2453 1077 2493 appeals
1100 2455 1135 2484 to
1163 2455 1308 2485 ‘veteres
1330 2452 1409 2484 libri
1422 2453 1441 2484 ⁵.
1597 2454 1678 2485 1031

79 2508 206 2539 cohibet
222 2506 327 2538 Lach.
345 2507 396 2537 for
412 2507 578 2538 cohibent:
603 2505 646 2537 he
661 2506 768 2547 justly
783 2506 937 2537 wonders
952 2516 998 2537 no
1015 2515 1080 2537 one
1096 2506 1209 2538 before
1223 2505 1298 2537 him
1315 2516 1384 2538 saw
1396 2506 1476 2537 this.
1523 2516 1679 2546 quemque

83 2563 273 2594 ...cohibent
295 2561 454 2601 previous
477 2560 615 2593 editors.
751 2561 834 2593 1033
858 2566 972 2592 essent.
1019 2566 1130 2592 extent
1153 2560 1258 2593 Orelli
1281 2561 1386 2592 Lach.
1442 2561 1556 2592 adsint
1579 2561 1678 2592 Pont.

79 2616 173 2649 Junt.
198 2615 317 2647 Lamb.
338 2617 419 2647 etc.:
443 2614 502 2646 the
522 2614 698 2654 imperfect
720 2624 828 2646 seems
850 2624 1045 2655 necessary;
1071 2615 1088 2645 I
1104 2614 1271 2646 therefore
1293 2614 1330 2645 in
1348 2615 1432 2645 1034
1453 2614 1533 2645 read
1548 2616 1578 2645 sz'
1593 2624 1679 2646 nunc

78 2670 130 2702 for
149 2672 179 2702 si
199 2672 282 2702 sint:
307 2669 365 2701 the
387 2671 417 2701 si
432 2679 500 2701 was
522 2669 657 2701 written
681 2669 778 2701 twice
791 2683 801 2710 ;
824 2669 931 2701 hence
954 2669 1012 2701 the
1035 2679 1138 2700 error.
1184 2671 1389 2701 esseut...Ex
1414 2670 1583 2709 inproviso
1605 2670 1680 2700 visu

77 2724 223 2754 subiecta
244 2722 344 2753 Bern.
503 2722 586 2754 1047
610 2723 719 2753 iactus
743 2722 893 2753 Gronov.
917 2721 1031 2753 Bentl.
1055 2721 1108 2753 for
1131 2726 1248 2754 tactus,
1299 2723 1440 2752 iniectus
1465 2721 1548 2753 Mar.
1576 2720 1672 2753 Junt.

78 2775 188 2808 which
203 2775 294 2815 gives
310 2774 369 2806 the
384 2774 477 2815 right
495 2784 601 2806 sense.
664 2776 765 2806 libero
783 2785 845 2815 quo
855 2776 1007 2815 pervolet
1023 2776 1092 2815 ipse
1107 2774 1148 2812 B,
1164 2776 1249 2806 volet
1264 2775 1303 2807 A.
1355 2776 1379 2805 li
1384 2776 1437 2805 ber
1453 2785 1516 2814 quo
1528 2775 1676 2814 pervolet

78 2831 125 2862 ire
142 2830 261 2862 Lamb.
376 2830 459 2862 1049
475 2839 577 2870 supra
593 2835 769 2870 supterque
785 2830 890 2862 Laoh.
911 2830 1040 2870 rightly
1054 2830 1108 2861 for
1123 2840 1298 2870 superque.
1346 2839 1505 2869 superque
1522 2830 1677 2869 infraque

77 2883 228 2915 Politian
244 2883 280 2914 in
296 2893 402 2923 marg.
423 2883 513 2914 Flor.
531 2884 584 2924 29,
603 2885 761 2925 infraque
777 2894 936 2924 superque
954 2884 1039 2915 Mar.
1077 2885 1249 2924 subterque
1266 2883 1366 2914 Pont.
1404 2884 1498 2922 iufra
1512 2893 1678 2923 supraque

77 2937 150 2971 Alci.
173 2938 191 2968 1
207 2937 227 2968 J
230 2940 304 2969 unt.
320 2936 439 2970 Lamb.
459 2937 548 2977 vulg.
672 2938 756 2970 1058
773 2943 809 2970 ut
825 2938 888 2971 Ed..
910 2938 962 2970 for
978 2943 1028 2970 et:
1051 2937 1158 2969 Lach.
1176 2937 1303 2969 inserts
1320 2942 1356 2968 ut
1373 2936 1486 2967 before
1503 2938 1628 2968 semina
1643 2937 1679 2967 in

1453 3004 1565 3042 8—-2
