1997 3267
227 179 313 219 206

1007 178 1046 217 V

342 282 690 338 praeclarumque
722 282 858 324 velint
889 282 995 324 caeli
1024 283 1292 339 restinguere
1323 283 1455 326 solem
1747 296 1827 328 120

342 350 587 392 inmortalia
617 350 789 391 mortali
820 365 1014 393 sermone
1044 357 1273 403 notantes3

343 433 451 474 quae
482 418 628 474 procul
660 433 795 473 usque
825 418 931 460 adeo
963 419 1107 461 divino
1138 434 1164 460 a
1193 419 1371 462 numine
1402 420 1577 472 distent,

342 488 472 543 inque
503 487 631 529 deum
664 503 840 530 numero
871 503 979 544 quae
1011 489 1098 530 sint
1129 489 1307 546 indigna
1336 489 1482 540 videri,

343 556 544 597 notitiam
575 556 720 611 potius
750 556 954 612 praebere
986 563 1036 599 ut
1068 573 1190 613 posse
1222 564 1434 614 putentur

343 625 447 681 quid
478 626 534 667 sit
565 625 687 667 vitali
718 632 838 667 motu
870 641 1082 682 sensuque
1113 634 1338 669 remotum.
1746 640 1822 683 125

343 694 502 750 quippe
534 694 695 736 etenim
726 709 812 736 non
844 701 920 745 est,
952 710 1050 737 cum
1082 696 1231 751 quovis
1262 712 1434 753 corpore
1465 704 1515 740 ut
1545 712 1637 741 esse

343 777 465 819 posse
496 763 629 804 animi
659 769 815 805 natura
845 769 1027 819 putetur
1057 765 1391 821 consiliumque3

343 832 455 873 sicut
484 831 530 873 in
560 831 733 873 aethere
764 847 851 873 non
881 832 1016 883 arbor,
1046 848 1131 874 non
1162 848 1344 888 aequore
1375 834 1483 876 salso

345 901 480 942 nubes
510 915 599 942 esse
631 907 796 956 queunt
828 916 967 957 neque
997 901 1132 958 pisces
1164 903 1306 944 vivere
1337 902 1383 944 in
1412 904 1525 945 arvis

344 984 421 1011 nec
451 984 574 1011 cruor
602 970 647 1011 in
678 970 806 1026 lignis
836 985 976 1026 neque
1006 971 1120 1013 saxis
1151 986 1278 1013 sucus
1309 972 1459 1014 inesse.
1747 984 1828 1026 130

345 1043 509 1079 certum
540 1053 589 1079 ac
619 1038 918 1094 dispositumst
948 1039 1024 1081 ubi
1055 1039 1252 1095 quicquit
1282 1047 1442 1083 crescat
1474 1046 1519 1083 et
1548 1041 1663 1085 insit.

344 1107 405 1148 sic
434 1107 567 1148 animi
598 1114 753 1149 natura
783 1109 935 1164 nequit
966 1109 1058 1151 sine
1090 1124 1261 1165 corpore
1292 1110 1391 1151 oriri

344 1176 432 1218 sola
461 1190 600 1231 neque
630 1191 656 1217 a
685 1176 826 1218 nervis
857 1183 901 1218 et
932 1177 1140 1233 sanguine
1172 1178 1358 1234 longiter
1388 1193 1488 1220 esse.

345 1244 458 1301 quod
489 1245 524 1286 si
554 1246 716 1301 (posset
746 1246 860 1287 enim
892 1246 1029 1287 multo
1060 1246 1198 1302 prius)
1229 1247 1322 1302 ipsa
1352 1247 1485 1289 animi
1517 1247 1580 1290 vis

345 1314 389 1355 in
421 1313 561 1370 capite
592 1320 669 1355 aut
699 1315 857 1356 umeris
887 1322 964 1356 aut
995 1315 1092 1357 imis
1123 1316 1310 1358 calcibus
1342 1331 1432 1359 esse
1747 1326 1823 1370 135

344 1389 487 1438 posset
518 1388 562 1424 et
592 1383 755 1424 innasci
787 1383 937 1438 quavis
968 1383 1013 1424 in
1043 1389 1177 1439 parte,
1209 1384 1364 1425 soleret

346 1452 519 1494 tandem
551 1452 596 1493 in
627 1452 772 1494 eodem
807 1453 977 1494 homine
1008 1458 1139 1509 atque
1169 1454 1214 1495 in
1245 1454 1393 1496 eodem
1425 1469 1522 1496 vase
1553 1469 1734 1496 manere.

345 1521 458 1577 quod
488 1521 688 1577 quoniam
720 1527 863 1563 nostro
895 1537 1062 1578 quoque
1093 1529 1260 1565 constat
1291 1538 1462 1580 corpore
1494 1529 1658 1565 certum

347 1591 685 1647 dispositumque
715 1591 886 1633 videtur
916 1592 991 1633 ubi
1022 1607 1113 1634 esse
1145 1599 1189 1634 et
1221 1607 1405 1635 crescere
1436 1593 1571 1649 possit

347 1675 533 1702 seorsum
565 1660 709 1701 anima
738 1666 868 1715 atque
899 1661 1080 1709 animus,
1112 1666 1234 1702 tanto
1265 1661 1402 1717 magis
1432 1660 1706 1703 infitiandum
1751 1673 1829 1713 140

345 1734 487 1771 totum
518 1743 638 1785 posse
669 1736 790 1771 extra
820 1744 971 1786 corpus
1002 1730 1266 1786 formamque
1298 1731 1527 1773 animalem

346 1797 545 1853 putribus
575 1798 620 1839 in
649 1798 786 1854 glebis
817 1803 1027 1840 terrarum
1059 1804 1136 1840 aut
1167 1799 1266 1840 solis
1295 1799 1342 1841 in
1372 1799 1463 1855 igni

347 1872 423 1907 aut
453 1866 498 1907 in
528 1881 639 1921 aqua
669 1866 822 1908 durare
852 1872 931 1908 aut
960 1867 1060 1909 altis
1091 1867 1277 1909 aetheris
1308 1868 1402 1911 oris.

346 1934 461 1976 haud
491 1935 624 1990 igitur
654 1942 852 1978 constant
882 1936 1028 1978 divino
1058 1937 1254 1992 praedita
1284 1952 1422 1987 sensu,

346 2003 690 2059 quandoquidem
721 2011 944 2061 nequeunt
975 2006 1166 2048 vitaliter
1196 2021 1287 2049 esse
1318 2007 1518 2050 animata.
1750 2019 1826 2061 145

405 2073 518 2114 Illud
549 2073 655 2115 item
686 2088 771 2115 non
803 2080 869 2116 est
900 2080 949 2116 ut
980 2075 1115 2130 possis
1146 2075 1327 2126 credere,
1359 2076 1479 2118 sedes

349 2155 436 2182 esse
467 2141 595 2183 deum
627 2149 794 2184 sanctas
824 2143 870 2184 in
901 2144 1052 2185 mundi
1083 2144 1279 2199 partibus
1310 2144 1420 2187 ullis.

348 2210 487 2251 tenvis
518 2210 632 2252 enim
663 2216 819 2252 natura
850 2211 978 2253 deum
1010 2211 1220 2268 longeque
1252 2218 1417 2254 remota

348 2278 541 2320 sensibus
572 2279 625 2320 ab
656 2279 812 2321 nostris
843 2280 976 2321 animi
1010 2280 1080 2321 vix
1113 2286 1258 2322 mente
1289 2281 1485 2333 videtur3

349 2361 457 2402 quae
488 2348 689 2402 quoniam
719 2363 926 2389 manuum
958 2353 1123 2390 tactum
1155 2349 1338 2406 suffugit
1368 2355 1413 2391 et
1443 2350 1589 2400 ictum,
1750 2361 1830 2404 150

351 2415 495 2457 tactile
524 2416 585 2456 nil
616 2416 738 2458 nobis
769 2417 883 2472 quod
913 2417 972 2459 sit
1002 2418 1249 2474 contingere
1280 2419 1421 2461 debet.
1853 2413 1858 2416 ⁴

349 2491 524 2541 tangere
556 2485 670 2527 enim
701 2501 786 2527 non
818 2486 914 2542 quit
944 2487 1058 2542 quod
1091 2488 1212 2544 tangi
1243 2503 1328 2529 non
1360 2488 1460 2530 licet
1491 2489 1643 2544 ipsum.

350 2567 479 2608 quare
510 2553 642 2594 etiam
673 2553 794 2595 sedes
825 2569 994 2610 quoque
1025 2556 1181 2596 nostris
1213 2555 1384 2597 sedibus
1415 2571 1505 2599 esse

349 2621 573 2663 dissimiles
605 2622 776 2672 debent,
807 2628 959 2665 tenues
990 2623 1042 2665 de
1074 2639 1244 2680 corpore
1275 2639 1448 2677 eorum3

237 2774 287 2805 for
298 2783 396 2814 pars:
421 2784 528 2814 comp.
550 2774 612 2805 881
767 2775 828 2806 122
845 2786 867 2807 α
882 2777 1015 2807 numine
1032 2777 1156 2807 distent
1171 2776 1262 2807 Flor.
1280 2777 1320 2807 31
1339 2776 1456 2808 Camb.
1474 2775 1566 2810 Brix.
1586 2776 1672 2809 Mar.
1689 2777 1742 2810 for
1756 2779 1829 2810 am'-

236 2829 438 2859 minbistevnt.
483 2829 714 2860 aninzilastent
730 2828 824 2862 Nico.
961 2830 1023 2861 133
1041 2831 1191 2870 lonyiter.
1243 2831 1370 2870 lonyius
1387 2840 1488 2864 msa:
1513 2841 1567 2863 see
1582 2841 1624 2863 111
1641 2832 1714 2865 789.

303 2882 363 2912 134
381 2881 471 2914 f011.:
496 2892 550 2913 see
567 2892 609 2913 111
625 2883 688 2916 790
704 2882 776 2914 foll,
935 2884 998 2915 152
1022 2885 1109 2924 quod
1124 2884 1207 2917 Mar.
1230 2885 1325 2916 Junt.
1344 2885 1396 2916 for
1411 2886 1498 2926 quod
1512 2887 1551 2918 si.
1714 2887 1776 2919 154
1792 2888 1830 2919 de

237 2944 380 2974 corpore.
419 2945 482 2976 pro
499 2945 630 2976 corpore
645 2935 765 2968 Lamb.
788 2936 877 2977 conj,
902 2937 971 2969 and
991 2937 1057 2970 Ed.
1079 2937 1115 2969 in
1137 2938 1187 2971 ed.
1210 2939 1243 2970 1:
1269 2948 1324 2970 see
1339 2941 1439 2971 notes
1454 2940 1485 2970 2.
1531 2944 1656 2972 tenuest
1670 2941 1701 2972 si
1717 2941 1829 2981 corpa’
