1997 3267
895 185 918 227 I
1651 189 1702 229 61

227 296 272 333 et
302 291 491 347 fugitant
522 291 566 332 in
597 291 724 332 rebus
754 290 880 332 inane
911 290 1149 345 relinquere
1180 305 1348 345 purum,

227 359 362 400 ardua
391 360 494 400 dum
527 364 740 407 metuunt,
770 360 980 400 amittunt
1011 373 1110 399 vera
1141 358 1235 406 viai,

228 443 306 470 nec
335 443 503 469 rursum
536 434 716 469 cernunt
747 434 946 483 exempto
978 427 1103 468 rebus
1134 426 1253 468 inani
1624 427 1710 468 660

227 496 371 537 omnia
400 496 567 537 denseri
598 495 775 551 fierique
807 510 859 537 ex
891 495 1088 536 omnibus
1118 509 1252 535 unum

227 577 389 618 corpus,
419 563 480 604 nil
511 563 565 605 ab
596 577 639 604 se
670 563 784 618 quod
815 563 947 619 possit
979 563 1151 604 mittere
1183 562 1363 617 raptim3

227 633 400 674 aestifer
429 632 541 689 ignis
571 632 637 674 uti
668 633 812 674 lumen
843 633 945 674 iacit
975 640 1104 687 atque
1136 647 1346 687 vaporem,

227 708 278 744 ut
309 702 454 743 videas
484 716 567 742 non
600 716 622 742 e
653 701 824 756 stipatis
855 701 1048 756 partibus
1080 715 1180 741 esse.

228 770 340 826 quod
371 770 406 811 si
437 770 544 811 forte
576 769 659 810 alia
690 769 870 810 credunt
901 769 1065 810 ratione
1097 776 1264 824 potesse
1625 769 1706 822 665

228 837 339 894 ignis
370 837 415 878 in
446 844 569 878 coetu
601 837 765 893 stingui
795 844 1047 892 mutareque
1078 852 1240 892 corpus,

228 907 389 948 scilicet
420 921 470 948 ex
502 906 620 947 nulla
649 907 785 948 facere
816 907 860 948 id
892 908 927 948 si
959 913 1079 961 parte
1112 913 1342 961 repareent,

229 977 391 1019 occidet
421 976 474 1017 ad
506 975 643 1016 nilum
675 975 878 1016 nimirum
911 975 1105 1016 funditus
1135 975 1257 1016 ardor

229 1046 367 1088 omnis
397 1050 441 1086 et
473 1059 493 1086 e
522 1044 608 1085 nilo
639 1044 744 1085 fient
776 1058 1070 1099 quaecumque
1101 1050 1307 1085 creantur.

229 1129 329 1155 nam
361 1113 657 1169 quodcumque
688 1113 777 1155 suis
807 1119 1026 1154 mutatum
1060 1113 1217 1154 finibus
1249 1114 1347 1161 exit,
1627 1117 1712 1166 670

229 1183 430 1224 continuo
461 1182 539 1223 hoc
569 1197 680 1223 mors
712 1189 776 1224 est
808 1182 923 1224 illius
954 1182 1068 1237 quod
1098 1182 1180 1223 fuit
1212 1190 1321 1224 ante.

229 1250 405 1306 proinde
436 1250 590 1306 aliquit
621 1265 820 1306 superare
852 1266 1022 1292 necesse
1055 1257 1118 1291 est
1149 1251 1360 1293 incolume
1392 1251 1496 1300 ollis,

230 1334 284 1361 ne
316 1319 396 1360 tibi
427 1333 493 1360 res
523 1318 700 1360 redeant
731 1319 785 1360 ad
816 1319 949 1360 nilum
984 1319 1179 1361 funditus
1210 1335 1355 1361 omncs

230 1389 284 1430 de
314 1388 485 1443 niloque
515 1394 666 1429 renata
697 1388 886 1444 vigescat
917 1388 1037 1444 copia
1068 1403 1219 1429 rerum.

229 1471 344 1498 nunc
374 1456 507 1510 igitur
536 1457 738 1511 quoniam
771 1457 1008 1498 certissima
1038 1471 1210 1511 corpora
1241 1457 1451 1512 quaedam
1631 1457 1711 1508 675

230 1530 333 1566 sunt
364 1539 473 1580 quae
505 1531 753 1566 conservant
787 1531 986 1565 naturam
1018 1540 1185 1580 semper
1215 1525 1404 1573 eandem,

231 1608 411 1650 quorum
443 1594 565 1635 abitu
597 1605 673 1635 aut
704 1594 825 1635 aditu
857 1600 1112 1650 mutatoque
1144 1594 1289 1635 ordine
1322 1600 1494 1635 mutant

233 1667 432 1703 naturam
462 1676 530 1703 res
562 1667 606 1703 et
636 1668 892 1703 convertunt
923 1677 1095 1717 corpora
1124 1677 1224 1704 sese.

232 1730 338 1772 scire
368 1730 468 1771 licet
498 1745 583 1771 non
615 1745 704 1771 esse
736 1730 839 1771 haec
870 1730 996 1785 ignea
1026 1745 1195 1785 corpora
1228 1745 1378 1771 rerum.

233 1799 295 1841 nil
325 1799 500 1841 referret
532 1799 647 1840 enim
679 1799 888 1854 quaedam
920 1798 1122 1840 decedere
1153 1799 1281 1847 abire,
1632 1799 1718 1840 680

235 1874 367 1924 atque
397 1868 481 1909 alia
511 1868 713 1917 adtribui,
746 1868 989 1923 mutarique
1021 1867 1166 1908 ordine
1197 1867 1418 1923 quaedam,

233 1937 271 1980 si
301 1942 446 1979 tamen
476 1937 636 1978 ardoris
668 1943 866 1978 naturam
897 1943 1051 1978 cuncta
1082 1942 1302 1987 tenerent3

120 2088 189 2111 was
204 2078 263 2111 the
278 2079 345 2110 last
361 2078 398 2110 in
414 2088 445 2119 p.
461 2080 502 2112 27
519 2079 553 2111 of
568 2079 627 2111 the
643 2079 824 2120 archetype
841 2080 910 2112 and
927 2081 1095 2113 therefore
1111 2092 1156 2113 on
1173 2082 1231 2113 the
1246 2082 1378 2113 outsifle
1395 2081 1538 2121 margin,
1553 2080 1620 2112 and
1632 2090 1667 2111 as
1681 2080 1717 2111 in

120 2142 226 2173 many
241 2132 339 2164 other
354 2142 447 2164 cases
463 2133 532 2164 had
547 2134 682 2165 become
698 2134 810 2174 partly
826 2134 982 2174 illegible.
1020 2141 1168 2167 mussant
1183 2136 1273 2167 Flor.
1291 2137 1331 2166 31
1349 2135 1464 2168 Camb.
1480 2135 1578 2167 pont.
1595 2134 1713 2166 Lamb.

121 2186 171 2219 ed.
192 2188 210 2217 2
234 2186 302 2218 and
325 2187 354 2225 3,
374 2189 436 2218 etc.
455 2186 598 2218 without
621 2197 726 2219 sense.
776 2189 871 2219 multi
896 2188 979 2220 Mar.
1000 2189 1094 2221 Junt.
1116 2189 1236 2221 Lamb.
1257 2189 1307 2220 ed.
1333 2191 1359 2227 1,
1386 2192 1447 2221 etc.
1497 2191 1601 2220 inesse
1624 2189 1712 2220 Flor.

122 2241 164 2271 30
189 2250 273 2272 corr.
304 2240 379 2271 Ver.
407 2240 492 2272 Ven.
523 2240 597 2273 Ald.
634 2242 651 2271 1
684 2241 857 2273 Candidus
888 2245 923 2274 at
954 2242 1021 2274 end
1051 2243 1088 2274 of
1116 2244 1212 2275 Junt.
1267 2245 1400 2275 Memmi
1430 2243 1550 2275 Heins.
1583 2242 1620 2274 in
1650 2252 1713 2274 ms.

121 2296 232 2325 notes.
282 2296 428 2326 ‘amusoe
451 2293 503 2326 i.e.
525 2295 675 2333 ἄμουσοι’
691 2295 735 2327 Is.
756 2296 851 2328 Voss.
872 2296 909 2327 in
925 2306 989 2328 ms.
1007 2300 1117 2328 notes.
1163 2299 1273 2328 adesse
1289 2297 1394 2329 Lach.
1441 2299 1595 2328 amussim
1616 2297 1717 2327 Bern.

123 2346 228 2378 ‘illud
252 2347 410 2379 Lucretio
435 2347 643 2388 Bernaysius
670 2349 854 2380 restituens
881 2349 976 2381 cedet
1006 2350 1107 2381 hodie
1138 2350 1206 2381 nisi
1236 2351 1336 2382 fallor
1367 2351 1410 2383 H.
1440 2350 1600 2382 Munroni
1625 2351 1719 2382 nasci

121 2401 338 2434 emendanti’
359 2401 494 2434 Ritscffl
517 2412 631 2442 opusc.
656 2413 683 2433 11
707 2413 738 2443 p.
767 2405 838 2436 272.
976 2404 1036 2436 659
1062 2415 1140 2436 vera
1162 2407 1233 2436 viai
1259 2405 1287 2435 A
1309 2415 1395 2436 corr.
1420 2405 1472 2435 for
1494 2415 1551 2436 ver
1573 2405 1664 2435 aula.

122 2455 186 2488 660
205 2456 303 2487 inani
323 2455 413 2486 Flor.
431 2456 473 2487 30
493 2465 578 2487 corr.
596 2456 681 2488 Mar.
698 2457 719 2488 J
721 2459 796 2488 unt.
813 2457 865 2488 for
885 2459 997 2489 inane.
1176 2457 1238 2488 662
1263 2459 1385 2497 raptim
1405 2457 1505 2488 Pont.
1522 2458 1647 2489 Avane.
1667 2457 1720 2488 for

121 2511 238 2551 raptis.
290 2509 449 2549 ‘quidam
475 2512 598 2551 raptim
623 2514 821 2550 agnoscunt.
871 2512 1040 2544 Marullus
1064 2514 1195 2544 natum’
1221 2513 1392 2543 Candidus
1416 2515 1451 2543 at
1474 2511 1540 2542 end
1563 2511 1600 2542 of
1619 2511 1714 2543 Jnnt.

123 2563 192 2596 and
208 2573 245 2594 so
260 2563 350 2595 Flor.
368 2564 410 2595 30
425 2573 507 2596 corr.
528 2564 596 2595 and
613 2564 697 2596 Mar.
715 2564 752 2595 in
768 2564 839 2596 cod.
861 2565 946 2597 Vict.
1127 2565 1188 2597 665
1206 2568 1279 2596 alia
1299 2566 1402 2598 Lach.
1423 2566 1551 2607 rightly
1566 2567 1618 2597 for
1641 2568 1717 2597 mia.

122 2620 196 2650 ulla
218 2619 304 2650 Mar.
320 2619 394 2651 Ald.
416 2620 433 2650 1
458 2619 552 2652 Junt.
572 2623 634 2652 etc.
684 2631 752 2652 una
775 2621 864 2652 Nice.
886 2623 947 2653 etc.
1098 2621 1160 2653 666
1184 2626 1275 2653 coetu
1297 2624 1423 2661 stinfflti
1447 2622 1543 2654 Pont.
1571 2622 1715 2654 Turneb.

122 2672 243 2704 Lamb.
267 2673 320 2705 ed.
344 2675 363 2704 2
387 2674 455 2705 and
478 2676 507 2712 3,
532 2676 595 2706 etc.
617 2674 668 2706 for
692 2680 799 2707 coetus
820 2677 959 2715 stinyui.
1000 2680 1127 2707 mutare
1150 2675 1233 2707 Mar.
1261 2676 1355 2707 Junt.
1382 2676 1434 2707 for
1456 2686 1592 2708 musare.
1641 2676 1714 2708 Ver.

123 2728 207 2761 Ven.
227 2729 311 2761 Mar.
331 2728 404 2761 Ald.
433 2730 450 2760 1
474 2729 592 2762 Lamb.
617 2729 668 2762 ed.
696 2731 713 2761 1
736 2729 823 2762 have
846 2731 1006 2770 absurdly
1021 2732 1058 2762 in
1080 2737 1187 2763 coetus
1210 2733 1330 2770 strirmi
1355 2741 1559 2771 massareque
1583 2742 1718 2771 corpus;

124 2782 193 2814 and
207 2782 298 2814 Flor.
317 2783 355 2813 31
374 2782 490 2815 Camh.
510 2794 662 2815 mussare.
800 2784 862 2816 668
872 2785 1030 2824 funditus
1046 2784 1074 2815 B
1091 2794 1174 2816 corr.
1195 2785 1248 2816 for
1256 2786 1427 2824 funditur.
1476 2786 1576 2816 ardor
1590 2785 1620 2815 A
1635 2795 1717 2817 corr.

123 2835 218 2867 Nice.
235 2835 287 2866 for
301 2836 410 2867 arbor.
586 2837 648 2869 674
664 2838 811 2877 viqescat
827 2837 945 2869 Heins.
966 2837 1003 2868 in
1020 2840 1117 2868 notes
1137 2837 1206 2868 and
1226 2838 1330 2869 Lach.
1348 2839 1401 2869 for
1420 2839 1583 2868 virescat:
1607 2847 1715 2878 comp.

125 2890 198 2922 757.
245 2891 388 2920 virescat
410 2889 503 2921 Nice.
526 2889 613 2930 vulg.
807 2891 871 2923 680
893 2892 1045 2922 decedere
1068 2891 1186 2923 Lamb.
1214 2891 1318 2923 Lach.
1346 2894 1409 2923 etc.
1436 2891 1488 2921 for
1515 2892 1716 2924 descendere.

124 2943 289 2975 discedere
305 2943 335 2974 A
350 2952 433 2976 corr.
453 2943 536 2976 Mar.
555 2944 651 2977 Junt.
670 2946 734 2977 eto.
921 2945 982 2977 681
1000 2946 1072 2976 alia
1087 2945 1172 2978 Mar.
1194 2945 1310 2978 Lamb.
1332 2948 1423 2977 most
1441 2945 1568 2985 rightly
1584 2946 1636 2976 for
1651 2947 1720 2976 alio
