1997 3267
859 133 934 175 III
1148 169 1151 173 .
1631 150 1707 192 133

226 246 278 284 ut
307 241 462 291 videas,
494 240 695 297 quoniam
727 239 996 282 coniunctast
1027 255 1153 282 causa
1183 240 1346 292 salutis,

226 311 498 353 coniunctam
530 324 698 366 quoque
727 314 928 350 naturam
960 309 1188 351 consistere
1220 324 1377 352 eorum.

284 380 409 433 Quod
440 384 646 435 superest,
676 378 810 434 siquis
840 391 992 432 corpus
1022 378 1180 419 sentire
1212 379 1374 420 refutat
1626 391 1709 435 350

224 454 355 505 atque
386 449 574 490 animam
606 447 741 490 credit
771 446 1028 502 permixtam
1060 461 1231 502 corpore
1262 453 1354 490 toto

223 518 438 574 suscipere
469 518 583 559 hunc
613 522 779 559 motum
811 531 939 571 quem
970 530 1143 558 sensum
1175 517 1492 568 nominitamus,

224 588 292 629 vel
324 587 572 629 manifestas
602 600 668 628 res
699 590 846 627 contra
876 599 1080 640 verasque
1110 591 1334 641 repugnat.

224 655 329 711 quid
360 656 418 697 Sit
448 655 563 697 enim
594 669 746 710 corpus
776 654 935 695 sentire
967 654 1063 708 quis
1093 655 1256 696 adferet
1287 669 1504 710 umquam,

223 725 260 766 si
289 740 374 766 non
403 725 497 780 ipsa
526 724 668 779 palam
698 724 812 779 quod
842 739 908 765 res
939 723 1058 766 dedit
1088 739 1137 765 ac
1167 724 1313 766 docuit
1344 729 1450 767 nos?
1627 737 1704 779 355

222 799 269 835 at
299 793 474 834 dimissa
504 793 648 834 anima
676 807 826 847 corpus
856 799 972 834 caret
1004 793 1193 848 undique
1225 807 1376 844 sensu3

222 862 364 918 perdit
394 861 508 904 enim
541 861 651 916 quod
684 875 767 902 non
798 861 1016 916 proprium
1048 861 1132 903 fuit
1163 862 1254 903 eius
1284 862 1329 902 in
1360 876 1489 915 aevo;

223 930 445 985 multaque
476 935 697 985 praeterea
727 929 868 985 perdit
899 944 1027 985 quam
1059 930 1288 985 expellitur
1318 936 1421 972 ante.

282 998 434 1039 Dicere
465 1012 588 1053 porro
619 997 762 1039 oculos
792 997 954 1038 nullam
986 1012 1076 1039 rem
1108 1013 1277 1040 cernere
1309 1013 1441 1054 posse,

224 1067 298 1109 sed
329 1081 406 1122 per
436 1081 507 1108 eos
537 1066 730 1107 animum
761 1071 812 1107 ut
843 1066 1003 1108 foribus
1034 1072 1225 1121 spectare
1257 1067 1444 1117 reclusis,
1625 1069 1710 1122 360

225 1135 451 1184 difficilest,
482 1140 630 1176 contra
660 1150 757 1176 cum
788 1150 938 1177 sensus
968 1135 1083 1177 dicat
1115 1149 1287 1187 eorum3

224 1218 373 1245 sensus
404 1203 518 1245 enim
551 1203 685 1244 trahit
715 1208 846 1259 atque
877 1203 988 1244 acies
1019 1203 1213 1245 detrudit
1244 1203 1297 1244 ad
1329 1203 1469 1259 ipsas3

222 1272 387 1329 fulgida
416 1271 668 1327 praesertim
699 1287 797 1314 cum
829 1288 1000 1314 cernere
1031 1287 1157 1328 saepe
1187 1272 1427 1327 nequimus,

223 1340 388 1382 lumina
417 1340 653 1381 luminibus
684 1340 785 1396 quia
821 1340 944 1382 nobis
975 1341 1323 1396 praepediuntur.

221 1410 335 1465 quod
366 1410 526 1451 foribus
557 1425 641 1452 non
672 1410 744 1461 fit;
777 1424 916 1465 neque
947 1411 1073 1459 enim,
1105 1410 1206 1466 quia
1236 1411 1448 1452 cernimus
1478 1411 1571 1466 ipsi,
1627 1412 1703 1465 365

222 1477 334 1519 ostia
363 1478 605 1534 suscipiunt
636 1478 773 1520 ullum
804 1479 969 1520 reclusa
999 1479 1197 1520 laborem.

221 1551 443 1601 praeterea
475 1546 511 1587 si
541 1561 616 1602 pro
648 1546 808 1588 foribus
839 1552 940 1588 sunt
971 1546 1136 1588 lumina
1165 1552 1321 1597 nostra,

220 1614 307 1656 iam
339 1614 475 1672 magis
506 1615 718 1671 exemptis
749 1615 881 1657 oculis
912 1615 1066 1657 debere
1098 1614 1269 1656 videtur

221 1697 391 1724 cernere
421 1698 488 1725 res
517 1685 687 1725 animus
718 1683 899 1725 sublatis
928 1684 1124 1739 postibus
1155 1683 1269 1739 ipsiS.

278 1751 395 1793 Illud
424 1752 469 1793 in
500 1751 566 1793 his
596 1752 722 1794 rebus
752 1767 1023 1808 nequaquam
1054 1767 1220 1794 sumere
1251 1751 1397 1808 possiS,
1625 1762 1709 1806 370

224 1820 461 1862 Democriti
491 1820 604 1876 quod
635 1827 782 1862 sancta
812 1821 892 1862 viri
923 1821 1139 1862 sententia
1168 1821 1301 1876 ponit,

222 1889 406 1944 corporis
437 1894 568 1944 atque
599 1889 733 1930 animi
763 1889 994 1944 primordia
1024 1889 1192 1943 singula
1220 1889 1353 1944 privis

222 1958 419 2013 adposita
449 1958 625 1999 alternis
659 1958 830 2009 variare,
861 1973 910 2000 ac
939 1963 1110 2000 nectere
1140 1959 1340 2000 membra.

223 2043 323 2069 nam
355 2043 452 2070 cum
483 2028 621 2069 multo
651 2033 753 2069 sunt
784 2027 951 2069 animae
983 2027 1197 2068 elementa
1226 2027 1392 2068 minora

220 2111 351 2152 quam
381 2096 538 2152 quibus
569 2111 591 2138 e
623 2111 774 2152 corpus
805 2096 926 2138 nobis
957 2101 1001 2137 et
1032 2095 1193 2137 viscera
1223 2101 1432 2145 constant,
1624 2105 1701 2148 375

222 2170 317 2206 tum
348 2179 526 2206 numero
557 2179 726 2220 quoque
758 2164 997 2206 concedunt
1028 2170 1072 2205 et
1102 2179 1197 2205 rara
1226 2179 1301 2219 per
1330 2169 1449 2205 artus

221 2233 373 2275 dissita
401 2238 504 2274 sunt
533 2234 786 2285 dumtaxat3
818 2238 869 2275 ut
899 2233 978 2274 hoc
1007 2233 1260 2288 promittere
1289 2232 1435 2289 possiS‚

50 2406 57 2418 =
105 2395 256 2436 repostis.
388 2394 452 2428 347
466 2400 505 2426 ut
520 2394 631 2427 added
646 2394 690 2435 by
707 2394 791 2428 Mar.
812 2394 832 2426 J
835 2395 909 2426 unt.
1041 2394 1105 2426 350
1119 2395 1254 2434 refutat.
1303 2397 1438 2426 renutat
1452 2392 1572 2425 Lamb.

107 2450 170 2481 358
188 2449 303 2490 perdit
323 2459 422 2489 quam
446 2450 626 2489 expellitur
647 2454 724 2481 ante
747 2449 813 2480 Ed.
835 2449 888 2481 for
905 2450 1075 2490 perditum
1098 2450 1276 2489 expellitur
1298 2458 1378 2480 aevo
1401 2458 1518 2488 quam:
1543 2447 1602 2480 the
1621 2458 1651 2481 v.
1677 2447 1707 2480 is

107 2502 251 2543 rejected
273 2503 317 2544 by
340 2502 465 2534 Creech
487 2502 525 2534 in
547 2506 657 2542 notes,
684 2503 754 2535 and
775 2504 876 2536 Bern.
932 2504 1118 2543 Multaque.
1143 2504 1312 2544 Nullaque
1335 2502 1441 2535 Lach.
1465 2502 1577 2535 which
1600 2511 1708 2534 seems

106 2557 254 2597 scarcely
278 2559 314 2588 to
336 2556 377 2588 be
399 2556 516 2588 Latin.
561 2557 683 2589 Lamb.
707 2557 895 2589 condemns
919 2558 981 2589 357
1004 2556 1116 2588 which
1140 2556 1268 2588 Greech
1290 2556 1365 2588 well
1388 2556 1540 2589 defends.
1644 2557 1706 2589 361

106 2613 294 2652 Difficilest.
351 2612 540 2652 Desiperest
555 2611 675 2644 Lamb.
695 2612 746 2644 ed.
767 2613 786 2643 2
803 2612 871 2643 and
887 2612 918 2650 3,
936 2611 1005 2642 Gif.
1021 2611 1127 2642 Lach.
1142 2623 1149 2643 :
1175 2611 1236 2643 but
1253 2621 1307 2643 sce
1322 2613 1420 2643 notes
1437 2612 1466 2645 2.
1615 2612 1708 2643 dicat

106 2666 227 2699 Lamb.
245 2666 296 2698 for
311 2667 422 2698 ducat.
554 2666 617 2697 362
632 2666 753 2698 Lamb.
771 2666 901 2707 rejects.
947 2665 1052 2698 Lach.
1072 2668 1152 2706 puts
1172 2666 1199 2698 it
1222 2666 1311 2698 after
1331 2666 1404 2699 363.
1540 2665 1603 2698 365
1624 2668 1707 2706 quia

106 2720 212 2752 Lach.
228 2719 282 2751 for
297 2730 375 2760 qua.
507 2720 571 2753 372
581 2721 692 2760 privis
707 2720 822 2752 Bentl.
839 2721 892 2751 for
902 2721 1023 2760 primis
1036 2729 1043 2750 :
1069 2721 1131 2752 389
1142 2721 1246 2760 priva
1261 2719 1292 2751 is
1306 2719 1344 2751 in
1359 2719 1418 2751 the
1434 2728 1516 2751 mss.
1642 2721 1705 2753 374

107 2777 237 2806 animae
254 2775 412 2806 elementa
426 2775 555 2806 minora
575 2774 634 2805 AB
656 2774 770 2807 Nica:
793 2774 863 2806 this
883 2775 901 2805 I
921 2774 1008 2806 have
1029 2774 1192 2807 retained.
1237 2776 1365 2806 animai
1386 2775 1426 2807 el.
1452 2776 1531 2806 min.
1553 2773 1644 2805 Flor.
1662 2775 1702 2806 31

108 2828 226 2861 Camb.
243 2829 329 2860 Mar.
345 2827 422 2859 Ald.
440 2828 458 2859 l
475 2828 572 2859 Junt.
592 2828 712 2867 vulgo;
736 2828 796 2860 but
818 2828 877 2860 the
898 2828 1021 2859 elision
1042 2828 1072 2859 is
1094 2830 1156 2860 not
1176 2828 1350 2860 tolerable.
1396 2830 1555 2860 elementa
1577 2829 1707 2860 minora

107 2884 236 2915 animai
251 2882 358 2915 Lach.
503 2882 567 2916 375
583 2892 600 2914 e
614 2882 673 2914 AB
688 2883 810 2915 Lamb.
826 2883 877 2915 ed.
894 2885 914 2915 3
931 2883 1057 2915 Creech
1072 2883 1178 2916 Lach.
1195 2883 1333 2924 rightly.
1381 2887 1413 2916 et
1427 2883 1457 2915 A
1473 2893 1558 2915 corr.
1573 2883 1602 2914 B
1619 2892 1706 2915 corr.
