1997 3267
898 161 938 202 V
1637 174 1719 217 217

224 267 542 323 interutrasque
572 268 690 324 globi
720 283 902 323 quorum
934 274 1163 310 vertuntur
1193 268 1238 310 in
1269 269 1406 321 auris3

225 353 334 394 quae
364 353 503 393 neque
535 344 649 379 terra
679 337 762 379 sibi
792 337 973 378 adscivit
1005 352 1082 378 nec
1116 337 1327 379 maximus
1358 338 1518 388 aether,

226 407 337 462 quod
368 422 506 462 neque
539 412 628 447 tam
661 407 836 448 fuerunt
866 405 1015 461 gravia
1046 411 1095 446 ut
1126 406 1327 461 depressa
1358 406 1568 456 sederent,

224 489 302 516 nec
333 475 444 516 levia
474 480 524 516 ut
556 481 728 530 possent
760 489 834 529 per
864 489 1054 515 summas
1085 474 1220 516 labier
1250 490 1354 526 oras,
1633 487 1714 529 475

226 548 270 584 et
301 548 447 584 tamon
478 542 797 598 interutrasque
828 542 891 583 ita
922 548 1024 583 sunt
1056 548 1105 584 ut
1137 558 1310 599 corpora
1340 544 1441 586 viva

226 618 396 654 versent
428 617 472 653 et
502 618 646 668 partes
678 617 727 653 ut
758 612 909 653 mundi
940 613 1076 654 totius
1108 618 1283 666 extent;

227 680 340 736 quod
369 695 506 736 genus
537 681 581 721 in
613 680 735 722 nobis
766 680 977 735 quaedam
1011 681 1111 722 licet
1142 681 1187 723 in
1218 682 1403 724 statione

226 749 418 791 membra
448 764 632 799 manere,
663 755 809 790 tamen
840 763 938 790 cum
970 749 1058 791 sint
1088 764 1138 791 ea
1170 765 1280 805 quae
1311 757 1574 794 moveantur.

227 819 293 860 his
324 819 459 875 igitur
489 819 616 860 rebus
646 818 843 860 retractis
875 824 989 859 terra
1019 824 1209 874 repente,
1633 823 1719 873 480

228 903 430 930 maxuma
460 903 544 944 qua
574 903 689 929 nunc
719 902 763 929 se
795 888 917 943 ponti
948 888 1076 944 plaga
1107 889 1277 930 caerula
1307 889 1461 940 tendit,

226 957 407 999 succidit
439 963 483 999 et
514 957 622 999 salso
654 957 835 999 suffudit
866 958 1039 1013 gurgite
1072 958 1213 1000 fossas.

227 1027 356 1082 inque
387 1027 479 1068 dies
511 1033 672 1082 quanto
703 1027 861 1068 circum
895 1027 1031 1083 magis
1063 1028 1250 1070 aetheris
1280 1035 1425 1070 aestus

227 1101 272 1137 et
302 1095 411 1137 radii
442 1095 540 1137 solis
571 1096 781 1152 cogebant
812 1096 1005 1151 undique
1037 1102 1196 1138 terram

227 1164 476 1206 verberibus
506 1164 663 1206 crebris
694 1170 887 1206 extrema
917 1165 972 1206 ad
1004 1165 1154 1207 limina
1184 1166 1231 1207 in
1261 1172 1420 1217 artum,
1633 1169 1713 1220 485

227 1234 272 1275 in
303 1234 444 1276 medio
476 1240 525 1275 ut
557 1235 759 1290 propulsa
789 1249 865 1276 suo
897 1235 1110 1277 condensa
1140 1236 1283 1285 coiret,

227 1308 317 1344 tam
349 1304 486 1359 magis
517 1318 739 1359 expressus
770 1304 906 1345 salsus
937 1303 990 1346 de
1021 1319 1192 1360 corporo
1225 1304 1353 1346 sudor

225 1373 414 1429 augebat
445 1388 561 1415 mare
592 1373 804 1415 manando
835 1389 1092 1430 camposque
1123 1374 1329 1425 natantis,

229 1447 273 1484 et
303 1448 427 1484 tanto
458 1442 594 1498 magis
625 1441 699 1483 illa
730 1442 839 1483 foras
871 1443 1016 1484 elabsa
1047 1443 1250 1485 volabant

227 1526 402 1567 corpora
431 1512 571 1553 multa
602 1512 768 1567 vaporis
799 1517 843 1553 et
874 1512 984 1554 aeris
1015 1513 1190 1569 altaque
1222 1512 1329 1555 caeli
1633 1528 1720 1569 490

227 1580 464 1622 densebant
495 1581 641 1636 procul
673 1596 698 1622 a
731 1581 853 1622 terris
885 1581 1097 1637 fulgentia
1127 1583 1300 1637 templa.

227 1649 425 1692 sidebant
455 1649 607 1705 campi,
638 1650 886 1692 crescebant
917 1651 1137 1692 montibus
1168 1651 1267 1693 altis

227 1732 448 1769 ascensus3
489 1732 628 1773 neque
661 1718 775 1759 enim
808 1724 1009 1774 poterant
1040 1719 1261 1761 subsidere
1293 1735 1394 1762 saxa

227 1802 305 1829 nec
335 1787 496 1843 pariter
527 1787 785 1828 tantundem
817 1802 964 1829 omnes
995 1788 1272 1830 succumbere
1303 1790 1447 1845 partis.

286 1855 358 1898 Sic
387 1856 523 1911 igitur
552 1861 691 1897 terrae
723 1861 918 1898 concreto
949 1871 1121 1912 corpore
1153 1858 1319 1912 pondus
1633 1870 1713 1913 495

226 1924 422 1968 constitit
451 1930 583 1979 atque
614 1924 752 1965 omnis
782 1924 934 1966 mundi
964 1925 1087 1980 quasi
1118 1925 1247 1967 limus
1278 1926 1323 1967 in
1353 1926 1490 1968 imum

113 2119 188 2152 470.
362 2117 424 2150 471
447 2122 572 2148 secuta.
620 2121 758 2155 ἐικυῖα,
777 2122 808 2148 et
826 2117 866 2148 Y'
886 2116 951 2157 (i.e.
973 2127 1035 2148 our
1051 2117 1092 2157 A)
1110 2126 1189 2158 says
1206 2117 1433 2159 Havercamp.
1481 2117 1565 2150 This
1581 2118 1610 2150 is
1627 2119 1721 2159 quite

115 2173 214 2205 false:
238 2171 371 2212 though
387 2171 430 2203 he
445 2170 514 2202 had
530 2171 559 2202 A
575 2170 644 2202 and
660 2171 688 2202 B
705 2171 818 2203 before
833 2170 917 2210 him,
938 2171 982 2202 he
1004 2171 1069 2202 has
1091 2171 1218 2203 chosen
1238 2174 1274 2203 to
1295 2182 1379 2212 copy
1401 2175 1460 2204 out
1482 2172 1564 2212 this,
1591 2183 1627 2204 as
1646 2174 1720 2205 well

114 2237 154 2259 as
171 2227 266 2258 three
284 2225 420 2257 fourths
444 2225 481 2256 of
501 2224 556 2256 his
579 2224 756 2256 worthless
779 2224 917 2256 various
942 2224 1111 2265 readings,
1137 2225 1226 2256 from
1252 2225 1312 2257 the
1338 2225 1527 2258 bookseller
1551 2226 1721 2258 Tonson’s

114 2281 261 2314 London
292 2280 344 2312 ed.
382 2280 417 2312 of
456 2280 550 2317 1712,
588 2279 698 2311 which
736 2279 828 2319 gives
870 2279 1090 2311 ‘collationes
1128 2279 1234 2311 trium
1269 2290 1334 2311 ms.
1366 2280 1523 2312 codicum
1553 2281 1666 2313 Vossii
1701 2292 1721 2313 a

115 2336 175 2368 R‘10
189 2336 272 2368 Viro
287 2335 342 2366 Bw
359 2334 504 2366 Cannon
521 2334 555 2366 S.
574 2333 613 2365 Τ.
630 2333 667 2366 Ρ.
687 2334 832 2365 factas‘:
857 2333 927 2365 this
948 2334 1093 2365 collator
1109 2344 1187 2374 says
1206 2336 1349 2374 ‘secuta,
1370 2336 1409 2366 ὄσ.
1427 2335 1468 2366 V.
1487 2335 1530 2368 1.'
1575 2336 1720 2368 Haverc.

115 2391 228 2432 copies
255 2399 339 2422 even
363 2390 422 2421 the
445 2399 580 2421 comma
607 2389 676 2421 and
702 2389 760 2421 the
784 2390 814 2420 dc
840 2389 915 2421 into
939 2388 995 2420 his
1018 2389 1068 2422 ed.
1118 2388 1202 2421 This
1224 2390 1255 2420 is
1278 2389 1339 2420 but
1363 2399 1426 2421 one
1450 2389 1487 2420 of
1507 2400 1528 2421 a
1550 2390 1724 2423 thousand

114 2446 289 2477 instances
313 2445 349 2476 of
369 2443 425 2475 his
449 2443 689 2484 unprincipled
713 2443 816 2475 sloth.
972 2444 1036 2476 472
1066 2444 1130 2476 476
1161 2445 1425 2485 Interutrasque.
1483 2446 1722 2485 [mex-utraque

115 2500 221 2533 Lach.
398 2499 462 2531 474
478 2499 631 2539 fuerunt.
670 2500 805 2540 fuerint
827 2499 928 2531 Pont.
951 2500 1079 2530 Avanc.
1104 2498 1174 2530 and
1198 2501 1336 2539 strange
1358 2501 1395 2530 to
1418 2509 1479 2539 say
1500 2499 1620 2532 Lamb.
1646 2499 1722 2531 who

116 2555 217 2587 made
232 2554 260 2586 it
276 2553 336 2585 the
351 2554 440 2593 vulg.
461 2553 573 2585 before
588 2553 692 2586 Lach.
924 2554 987 2585 482
1010 2555 1098 2585 salso
1113 2554 1254 2594 suffudit
1269 2553 1298 2584 A
1313 2563 1398 2585 corr.
1415 2553 1535 2585 Lamb.
1552 2554 1605 2585 for
1620 2555 1722 2586 salsos

114 2611 246 2651 offudit.
301 2609 388 2640 salso
404 2609 539 2648 suffodit
557 2608 648 2639 Nicc.
665 2607 756 2640 Flor.
774 2609 815 2639 31
832 2608 951 2640 Camb.
969 2607 1063 2639 Mon.
1080 2610 1143 2639 etc.
1160 2607 1259 2639 Wak.
1433 2608 1496 2639 485
1520 2612 1664 2639 eaetrema
1678 2609 1723 2639 ad

117 2666 236 2696 limina
258 2664 296 2694 in
316 2668 426 2694 artum
448 2662 514 2694 Ed.
537 2662 591 2694 for
612 2668 758 2694 extrema
781 2664 826 2693 ad
849 2664 970 2694 limina
988 2667 1134 2702 partem:
1166 2661 1226 2693 the
1247 2661 1355 2693 scribe
1376 2661 1550 2702 neglected
1572 2665 1607 2693 to
1628 2663 1722 2694 write

117 2719 176 2748 ina
198 2715 306 2751 twice,
325 2713 394 2745 and.
409 2716 444 2746 to
461 2714 512 2745 fill
528 2723 575 2754 up
595 2714 654 2745 the
674 2724 769 2746 verse
790 2717 895 2746 wrote
912 2720 1045 2755 partem
1059 2714 1112 2746 for
1132 2718 1231 2746 rtum.
1277 2719 1424 2746 extrema
1444 2725 1466 2745 a
1488 2715 1610 2745 limini’
1623 2720 1722 2755 parte

117 2767 224 2800 Lach.
246 2766 321 2798 who
341 2769 504 2798 connects
525 2765 595 2797 this
616 2776 710 2797 verse
730 2766 814 2797 with
834 2766 894 2798 the
915 2768 1007 2798 next.
1063 2770 1209 2798 extrema
1230 2767 1275 2797 ad
1297 2767 1416 2798 limina
1436 2771 1588 2806 apertam
1602 2767 1721 2799 Lamb.

115 2832 144 2854 e.
176 2832 208 2853 a.
236 2823 256 2854 Z.
291 2822 416 2861 raptim
439 2820 554 2852 Bentl.
603 2821 712 2851 radiis
743 2820 794 2851 for
823 2822 917 2853 radii
943 2821 973 2851 A
1003 2820 1094 2853 Nicc.
1130 2819 1249 2851 Oamb.
1279 2821 1406 2852 lumina
1435 2820 1528 2852 Nice.
1555 2820 1645 2854 Flor.
1681 2822 1721 2852 31

117 2876 235 2908 Camb.
261 2879 325 2907 etc.
479 2876 542 2908 491
564 2876 755 2907 Densebant
777 2875 899 2908 Lamb.
925 2875 1032 2907 Lach.
1058 2875 1110 2906 for
1131 2876 1337 2912 Densabant,
1362 2884 1400 2905 as
1424 2884 1486 2906 our
1508 2884 1590 2907 mss.
1617 2875 1655 2907 in
1676 2876 1723 2907 all

115 2930 215 2963 other
229 2930 342 2972 places
357 2929 457 2962 make
472 2929 501 2961 it
517 2930 554 2961 of
567 2929 625 2961 the
642 2929 711 2962 2nd
726 2930 962 2972 conjugation:
988 2939 1042 2962 see
1057 2930 1180 2971 Wagn.
1198 2933 1234 2962 to
1251 2929 1342 2969 Virg.
1361 2939 1449 2970 geor.
1466 2939 1479 2961 1
1496 2929 1571 2961 248.
