1997 3267
876 169 941 209 IV
1620 173 1693 212 181

229 290 327 318 cum
357 289 455 316 vero
485 275 680 316 deorsum
710 290 785 330 per
814 275 955 316 fauces
984 275 1292 330 praecipitavit,

231 344 347 384 nulla
377 343 571 397 voluptas
603 348 678 391 est,
709 343 812 383 dum
842 342 1005 383 diditur
1035 343 1170 384 omnis
1201 343 1246 384 in
1275 349 1403 386 artus.

229 426 306 452 nec
335 411 464 451 refert
495 410 721 465 quicquam
752 425 835 465 quo
866 410 983 451 victu
1014 425 1162 465 corpus
1192 411 1344 461 alatur,
1614 415 1700 465 630

231 476 458 518 dummodo
489 477 601 531 quod
632 477 772 531 capias
801 482 1047 518 concoctum
1079 477 1222 518 didere
1251 478 1384 533 possis

228 544 406 586 artubus
437 550 481 586 et
510 545 717 586 stomachi
746 545 987 586 umidulum
1018 560 1182 586 servare
1212 550 1414 588 tenorem.

289 614 417 654 Nunc
448 613 542 654 aliis
572 614 681 655 alius
712 613 786 669 qui
816 613 872 654 sit
904 613 1011 654 cibu'
1043 614 1184 654 suavis
1215 620 1258 655 et
1288 614 1424 655 almus

230 681 463 737 expediam,
495 696 687 736 quareve,
718 681 813 722 aliis
843 682 955 736 quod
986 682 1109 723 triste
1140 687 1184 724 et
1213 689 1458 733 amarumst,

230 751 307 791 hoc
338 755 483 791 tamen
514 765 603 791 esse
634 750 728 790 aliis
758 750 890 805 possit
920 750 1119 805 perdulce
1150 751 1296 800 videri,
1614 753 1694 804 635

230 824 436 874 tantaque
465 819 511 860 in
543 819 608 859 his
638 819 764 860 rebus
793 819 999 859 distantia
1029 819 1332 874 differitasque,

228 893 278 929 ut
310 886 421 941 quod
452 887 509 927 ali
539 887 658 927 cibus
689 891 753 927 est
784 886 878 927 aliis
910 887 1001 927 fuat
1031 901 1125 927 acre
1155 901 1378 937 venenum,

229 961 432 1010 extetque
463 960 513 996 ut
544 969 726 1010 serpens,
757 954 939 995 hominis
971 969 1078 1009 quae
1109 960 1225 996 tacta
1258 956 1400 998 salivis

230 1023 407 1077 disperit
436 1037 485 1063 ac
515 1037 604 1064 sese
637 1022 876 1063 mandendo
907 1022 1074 1063 conficit
1104 1023 1205 1077 ipsa.

230 1097 451 1147 praeterea
481 1091 602 1131 nobis
632 1096 847 1131 veratrum
879 1096 944 1131 est
974 1105 1067 1131 acre
1099 1105 1323 1142 venenum,
1616 1094 1700 1144 640

228 1165 274 1201 at
306 1159 442 1214 capris
471 1159 618 1213 adipes
649 1165 693 1200 et
724 1159 1012 1200 coturnicibus
1043 1165 1183 1215 auget.

228 1233 278 1270 ut
309 1227 465 1283 quibus
495 1227 540 1268 id
571 1227 647 1268 fiat
676 1228 803 1268 rebus
833 1241 1082 1283 cognoscere
1112 1227 1256 1282 possis,

228 1295 434 1351 principio
465 1294 706 1336 meminisse
738 1295 860 1336 decet
891 1310 999 1350 quae
1029 1295 1214 1337 diximus
1244 1300 1356 1348 ante,

228 1363 391 1406 semina
420 1363 684 1404 multimodis
715 1363 759 1403 in
790 1363 916 1404 rebus
948 1365 1082 1405 mixta
1113 1364 1259 1406 teneri.

228 1447 349 1488 porro
380 1447 525 1473 omnes
555 1447 847 1487 quaecumque
880 1432 1023 1473 cibum
1054 1433 1230 1488 capiunt
1259 1433 1509 1482 animantes,
1612 1434 1692 1485 645

227 1507 278 1542 ut
308 1506 409 1543 sunt
439 1501 664 1542 dissimiles
695 1500 956 1542 extrinsecus
986 1506 1030 1542 et
1061 1502 1299 1557 generatim

229 1570 389 1612 extima
419 1570 705 1611 membrorum
737 1570 1070 1611 circumcaesura
1101 1576 1273 1621 coercet,

228 1639 404 1694 proinde
436 1643 480 1679 et
510 1638 742 1679 seminibus
774 1644 970 1680 constant
1002 1639 1192 1680 variante
1222 1639 1369 1695 figura.

228 1706 390 1747 semina
419 1720 515 1746 cum
547 1720 668 1760 porro
699 1706 871 1755 distent,
903 1706 1070 1747 differre
1102 1713 1314 1749 necessest

226 1774 451 1816 intervalla
481 1774 666 1829 viasque,
698 1775 903 1815 foramina
934 1790 1041 1829 quae
1073 1776 1357 1829 perhibemus,
1615 1776 1701 1828 650

228 1842 424 1884 omnibus
454 1842 499 1882 in
529 1842 731 1883 membris
762 1847 806 1883 et
836 1843 882 1882 in
912 1857 981 1883 ore
1012 1843 1187 1898 ipsoque
1218 1844 1372 1898 palato.

227 1925 317 1952 esse
347 1910 510 1951 minora
539 1910 674 1966 igitur
704 1910 911 1965 quaedam
943 1912 1187 1967 maioraque
1219 1913 1389 1962 debent,

228 1994 318 2021 esse
350 1979 560 2034 triquetra
591 1979 696 2028 aliis,
727 1980 822 2020 aliis
853 1980 1061 2034 quadrata
1090 1987 1312 2031 necessest,

227 2048 365 2090 multa
394 2048 593 2096 rutunda,
624 2048 759 2088 modis
790 2048 938 2089 multis
969 2049 1238 2103 multangula
1268 2049 1486 2104 quaedam.

227 2130 411 2170 namque
441 2115 674 2171 figurarum
705 2116 813 2156 ratio
845 2121 894 2157 ut
927 2122 1152 2172 motusque
1183 2124 1420 2173 reposcunt,
1614 2118 1692 2170 655

226 2183 402 2239 proinde
432 2183 711 2224 foraminibus
742 2183 900 2224 debent
931 2184 1100 2225 differre
1130 2185 1302 2240 figurae,

110 2307 216 2356 L-ach.
238 2317 282 2338 an
299 2307 441 2346 elegant,
461 2306 522 2338 but
537 2309 598 2337 not
613 2306 631 2337 I
643 2306 744 2337 think
760 2316 948 2346 necessary,
966 2306 1107 2345 change.
1253 2307 1315 2340 627
1322 2308 1405 2348 fine.
1450 2309 1487 2339 in
1494 2308 1564 2348 fine
1580 2307 1698 2339 Lamb.

112 2363 177 2393 etc.
194 2361 355 2401 wrongly.
505 2360 566 2392 631
579 2362 686 2401 possis
701 2361 791 2392 Flor.
810 2362 849 2391 31
867 2361 983 2392 Camb.
1003 2360 1094 2391 Mon.
1111 2360 1186 2391 Ver.
1204 2360 1288 2392 Ven.
1306 2361 1357 2392 for
1368 2371 1489 2401 posses.
1637 2362 1698 2392 632

113 2416 296 2446 umidnlum
310 2415 416 2446 Lach.
432 2415 485 2446 for
498 2416 655 2446 umidam.
703 2416 884 2446 humectum
899 2415 998 2446 Pont.
1019 2414 1102 2445 Mar.
1120 2414 1194 2447 Ald.
1217 2415 1234 2445 1
1251 2415 1347 2446 Junt.
1364 2415 1453 2455 vulg.
1637 2415 1699 2446 633

113 2470 200 2501 cibu'
211 2471 322 2500 suavis
340 2475 369 2499 et
386 2471 491 2500 almus
507 2469 571 2500 Ed.
589 2469 641 2499 for
662 2470 753 2500 cibus
774 2475 812 2500 ut
831 2469 1014 2501 videamus:
1039 2479 1093 2500 see
1115 2469 1232 2500 Camb.
1254 2470 1374 2501 Journ.
1397 2470 1433 2501 of
1453 2469 1536 2510 phil.
1556 2479 1569 2501 1
1584 2480 1616 2510 p.
1636 2470 1695 2501 41:

113 2523 165 2555 for
180 2524 284 2554 almus
301 2522 446 2563 perhaps
461 2527 557 2563 aptus
574 2521 657 2553 with
674 2522 780 2554 Lach.
826 2524 917 2555 cibus
933 2525 1049 2555 uniens
1066 2529 1163 2564 aptus
1179 2524 1282 2556 Lach.
1297 2536 1304 2562 3
1333 2525 1394 2556 but
1409 2527 1524 2557 unicus
1540 2526 1569 2556 is
1585 2528 1646 2557 not
1662 2528 1697 2557 at

113 2578 161 2610 all
175 2578 403 2618 appropriate.
550 2577 611 2609 636
628 2579 664 2608 in
681 2577 788 2609 added
804 2578 846 2618 by
863 2578 995 2610 Nonius
1011 2588 1044 2618 p.
1062 2579 1114 2618 95,
1134 2579 1203 2611 and
1219 2584 1265 2610 est
1281 2582 1315 2609 at
1331 2579 1397 2610 end
1413 2579 1450 2610 of
1462 2589 1554 2611 verse
1570 2579 1697 2619 rightly

114 2640 180 2661 om.
197 2630 243 2671 by
257 2629 315 2661 the
332 2638 435 2661 same.
596 2630 658 2662 637
675 2632 723 2661 ali
739 2630 842 2661 Lach.
860 2631 913 2662 for
928 2633 1019 2662 aliiS.
1173 2631 1235 2663 638
1250 2634 1415 2672 E.z·tetque
1430 2637 1469 2663 ut
1483 2642 1613 2672 serpens
1629 2631 1692 2664 Ed.

113 2683 166 2714 for
181 2684 245 2714 Est
259 2683 373 2722 itaque
394 2686 432 2712 ut
452 2691 598 2722 serpens:
622 2691 658 2713 VI
680 2682 741 2714 600
764 2684 843 2714 Fert
865 2685 956 2723 itque
976 2693 1057 2715 mss.
1080 2684 1132 2715 for
1152 2685 1229 2716 Fert
1249 2686 1375 2725 itaque.
1422 2687 1485 2717 Est
1506 2687 1639 2726 aliquae
1661 2691 1697 2718 ut

113 2746 242 2777 serpens
259 2734 363 2767 Lach.
412 2736 475 2766 Est
495 2736 609 2774 utique
630 2741 667 2766 ut
683 2747 708 2767 s.
729 2735 813 2767 Mar.
831 2736 928 2767 Junt.
946 2736 1066 2768 Lamb.
1083 2737 1134 2769 ed.
1152 2739 1182 2769 3.
1228 2739 1330 2779 Saepe
1349 2741 1467 2770 etenim
1481 2749 1507 2770 s.
1525 2739 1576 2770 ed.
1595 2741 1612 2770 1
1629 2739 1697 2771 and

113 2791 146 2822 2.
291 2789 352 2821 641
368 2794 491 2820 coturn.
509 2795 651 2820 coctura.
668 2791 707 2820 A.
754 2791 839 2830 qnod
857 2796 940 2822 turn.
959 2791 997 2822 B.
1147 2792 1208 2824 642
1231 2794 1272 2824 Ut
1288 2794 1406 2833 quibus
1421 2794 1458 2824 id
1473 2793 1591 2824 Lamb.
1609 2794 1661 2825 ed.
1679 2795 1698 2824 2

114 2843 183 2876 and
199 2844 218 2874 3
234 2843 286 2874 for
300 2844 342 2873 Id
359 2844 476 2882 quibus
492 2847 539 2874 ut.
693 2843 755 2875 648
771 2848 812 2876 et.
861 2854 901 2876 ex
918 2845 1011 2875 Mon.
1029 2844 1125 2876 Junt.
1141 2845 1259 2878 Lamb.
1279 2846 1330 2877 ed.
1350 2846 1367 2876 1
1384 2846 1451 2877 and
1468 2847 1497 2883 2,
1515 2846 1619 2878 Lach.
1637 2847 1697 2878 but

114 2903 145 2930 et
162 2898 246 2928 Mar.
285 2901 435 2928 constant
451 2898 603 2928 variante
611 2898 726 2937 fiynra
741 2897 846 2928 Lach.
865 2897 916 2929 for
932 2903 1080 2929 constant
1095 2901 1293 2939 variantque
1301 2900 1428 2940 fiyura.
1467 2900 1595 2932 distant
1608 2903 1697 2932 vari—
