<?xml version="1.0" encoding="UTF-8"?>
<!DOCTYPE html PUBLIC "-//W3C//DTD XHTML 1.0 Transitional//EN"
    "http://www.w3.org/TR/xhtml1/DTD/xhtml1-transitional.dtd">
<html xmlns="http://www.w3.org/1999/xhtml" xml:lang="en" lang="en">
 <head>
  <title>
</title>
<meta http-equiv="Content-Type" content="text/html;charset=utf-8" />
  <meta name='ocr-system' content='tesseract 3.04.00' />
  <meta name='ocr-capabilities' content='ocr_page ocr_carea ocr_par ocr_line ocrx_word'/>
</head>
<body>
  <div class='ocr_page' id='page_1' title='image "./lucreticariderer01lucruoft_0282.png"; bbox 0 0 1997 3267; ppageno 0'>
   <div class='ocr_carea' id='block_1_1' title="bbox 250 176 1105 219">
    <p class='ocr_par' dir='ltr' id='par_1_1' title="bbox 250 176 1105 219">
     <span class='ocr_line' id='line_1_1' title="bbox 250 176 1105 219; baseline -0.001 -1"><span class='ocrx_word' id='word_1_1' title='bbox 250 178 335 219; x_wconf 84' lang='lat'>266</span> <span class='ocrx_word' id='word_1_2' title='bbox 1041 176 1105 218; x_wconf 92' lang='lat' dir='ltr'>VI</span> 
     </span>
    </p>
   </div>
   <div class='ocr_carea' id='block_1_2' title="bbox 350 283 1854 2407">
    <p class='ocr_par' dir='ltr' id='par_1_2' title="bbox 350 283 1854 2407">
     <span class='ocr_line' id='line_1_2' title="bbox 364 283 1614 342; baseline 0.004 -18"><span class='ocrx_word' id='word_1_3' title='bbox 364 283 537 338; x_wconf 89' lang='lat' dir='ltr'>altaque</span> <span class='ocrx_word' id='word_1_4' title='bbox 567 298 642 325; x_wconf 89' lang='lat' dir='ltr'>cur</span> <span class='ocrx_word' id='word_1_5' title='bbox 672 283 925 340; x_wconf 87' lang='lat' dir='ltr'>plerumque</span> <span class='ocrx_word' id='word_1_6' title='bbox 956 285 1070 340; x_wconf 89' lang='lat' dir='ltr'>petit</span> <span class='ocrx_word' id='word_1_7' title='bbox 1101 285 1191 327; x_wconf 92' lang='lat' dir='ltr'>loca</span> <span class='ocrx_word' id='word_1_8' title='bbox 1221 285 1491 342; x_wconf 88' lang='lat' dir='ltr'>plurimaque</span> <span class='ocrx_word' id='word_1_9' title='bbox 1522 288 1614 330; x_wconf 88' lang='lat' dir='ltr'>eius</span> 
     </span>
     <span class='ocr_line' id='line_1_3' title="bbox 362 352 1503 413; baseline 0.004 -20"><span class='ocrx_word' id='word_1_10' title='bbox 362 352 583 394; x_wconf 86' lang='lat' dir='ltr'>montibus</span> <span class='ocrx_word' id='word_1_11' title='bbox 614 353 658 393; x_wconf 90' lang='lat' dir='ltr'>in</span> <span class='ocrx_word' id='word_1_12' title='bbox 689 353 869 395; x_wconf 89' lang='lat' dir='ltr'>summis</span> <span class='ocrx_word' id='word_1_13' title='bbox 900 354 1083 411; x_wconf 87' lang='lat' dir='ltr'>vestigia</span> <span class='ocrx_word' id='word_1_14' title='bbox 1113 355 1327 397; x_wconf 90' lang='lat' dir='ltr'>cernimus</span> <span class='ocrx_word' id='word_1_15' title='bbox 1357 356 1503 413; x_wconf 70' lang='lat' dir='ltr'>ignis?</span> 
     </span>
     <span class='ocr_line' id='line_1_4' title="bbox 422 421 1612 480; baseline 0.004 -18"><span class='ocrx_word' id='word_1_16' title='bbox 422 421 548 472; x_wconf 78' lang='lat' dir='ltr'>Quod</span> <span class='ocrx_word' id='word_1_17' title='bbox 578 428 783 477; x_wconf 78' lang='lat' dir='ltr'>superest,</span> <span class='ocrx_word' id='word_1_18' title='bbox 814 422 980 464; x_wconf 77' lang='lat' dir='ltr'>facilest</span> <span class='ocrx_word' id='word_1_19' title='bbox 1011 438 1062 465; x_wconf 85' lang='lat' dir='ltr'>ex</span> <span class='ocrx_word' id='word_1_20' title='bbox 1095 423 1162 465; x_wconf 91' lang='lat' dir='ltr'>his</span> <span class='ocrx_word' id='word_1_21' title='bbox 1192 438 1444 480; x_wconf 82' lang='lat' dir='ltr'>cognoscere</span> <span class='ocrx_word' id='word_1_22' title='bbox 1474 425 1612 476; x_wconf 86' lang='lat' dir='ltr'>rebus,</span> 
     </span>
     <span class='ocr_line' id='line_1_5' title="bbox 363 492 1362 547; baseline 0.003 -15"><span class='ocrx_word' id='word_1_23' title='bbox 363 496 574 546; x_wconf 87' lang='lat' dir='ltr'>presteras</span> <span class='ocrx_word' id='word_1_24' title='bbox 607 492 708 533; x_wconf 87' lang='lat' dir='ltr'>Grai</span> <span class='ocrx_word' id='word_1_25' title='bbox 740 507 845 547; x_wconf 89' lang='lat' dir='ltr'>quos</span> <span class='ocrx_word' id='word_1_26' title='bbox 876 492 930 534; x_wconf 87' lang='lat' dir='ltr'>ab</span> <span class='ocrx_word' id='word_1_27' title='bbox 961 507 1005 534; x_wconf 90' lang='lat' dir='ltr'>re</span> <span class='ocrx_word' id='word_1_28' title='bbox 1036 493 1362 544; x_wconf 88' lang='lat' dir='ltr'>nominitarunt,</span> 
     </span>
     <span class='ocr_line' id='line_1_6' title="bbox 361 559 1851 618; baseline 0.003 -18"><span class='ocrx_word' id='word_1_29' title='bbox 361 559 407 600; x_wconf 90' lang='lat' dir='ltr'>in</span> <span class='ocrx_word' id='word_1_30' title='bbox 439 574 554 601; x_wconf 89' lang='lat' dir='ltr'>mare</span> <span class='ocrx_word' id='word_1_31' title='bbox 584 575 671 615; x_wconf 83' lang='lat' dir='ltr'>qua</span> <span class='ocrx_word' id='word_1_32' title='bbox 703 560 819 601; x_wconf 88' lang='lat' dir='ltr'>missi</span> <span class='ocrx_word' id='word_1_33' title='bbox 850 561 1028 603; x_wconf 87' lang='lat' dir='ltr'>veniant</span> <span class='ocrx_word' id='word_1_34' title='bbox 1059 563 1224 604; x_wconf 89' lang='lat' dir='ltr'>ratione</span> <span class='ocrx_word' id='word_1_35' title='bbox 1256 577 1450 618; x_wconf 85' lang='lat' dir='ltr'>superne.</span> <span class='ocrx_word' id='word_1_36' title='bbox 1767 573 1851 616; x_wconf 80' lang='lat'>425</span> 
     </span>
     <span class='ocr_line' id='line_1_7' title="bbox 360 626 1580 686; baseline 0.005 -18"><span class='ocrx_word' id='word_1_37' title='bbox 360 642 462 669; x_wconf 89' lang='lat' dir='ltr'>nam</span> <span class='ocrx_word' id='word_1_38' title='bbox 493 628 544 670; x_wconf 91' lang='lat' dir='ltr'>fit</span> <span class='ocrx_word' id='word_1_39' title='bbox 575 634 626 670; x_wconf 92' lang='lat' dir='ltr'>ut</span> <span class='ocrx_word' id='word_1_40' title='bbox 657 629 875 671; x_wconf 88' lang='lat' dir='ltr'>interdum</span> <span class='ocrx_word' id='word_1_41' title='bbox 909 626 1134 686; x_wconf 85' lang='lat' dir='ltr'>tamquam</span> <span class='ocrx_word' id='word_1_42' title='bbox 1165 631 1351 673; x_wconf 87' lang='lat' dir='ltr'>demissa</span> <span class='ocrx_word' id='word_1_43' title='bbox 1381 632 1580 674; x_wconf 87' lang='lat' dir='ltr'>columna</span> 
     </span>
     <span class='ocr_line' id='line_1_8' title="bbox 360 696 1552 755; baseline 0.003 -17"><span class='ocrx_word' id='word_1_44' title='bbox 360 696 405 738; x_wconf 91' lang='lat' dir='ltr'>in</span> <span class='ocrx_word' id='word_1_45' title='bbox 437 711 553 738; x_wconf 92' lang='lat' dir='ltr'>mare</span> <span class='ocrx_word' id='word_1_46' title='bbox 584 697 636 739; x_wconf 92' lang='lat' dir='ltr'>de</span> <span class='ocrx_word' id='word_1_47' title='bbox 668 698 784 739; x_wconf 86' lang='lat' dir='ltr'>caelo</span> <span class='ocrx_word' id='word_1_48' title='bbox 815 698 1059 749; x_wconf 73' lang='lat' dir='ltr'>descendat,</span> <span class='ocrx_word' id='word_1_49' title='bbox 1090 715 1219 755; x_wconf 89' lang='lat' dir='ltr'>quam</span> <span class='ocrx_word' id='word_1_50' title='bbox 1253 700 1362 742; x_wconf 90' lang='lat' dir='ltr'>freta</span> <span class='ocrx_word' id='word_1_51' title='bbox 1393 701 1552 742; x_wconf 88' lang='lat' dir='ltr'>circum</span> 
     </span>
     <span class='ocr_line' id='line_1_9' title="bbox 361 765 1468 822; baseline 0.003 -16"><span class='ocrx_word' id='word_1_52' title='bbox 361 765 604 807; x_wconf 88' lang='lat' dir='ltr'>fervescunt</span> <span class='ocrx_word' id='word_1_53' title='bbox 634 766 824 821; x_wconf 84' lang='lat' dir='ltr'>graviter</span> <span class='ocrx_word' id='word_1_54' title='bbox 854 766 1118 822; x_wconf 76' lang='lat' dir='ltr'>spirantibus</span> <span class='ocrx_word' id='word_1_55' title='bbox 1150 768 1283 809; x_wconf 84' lang='lat' dir='ltr'>incita</span> <span class='ocrx_word' id='word_1_56' title='bbox 1313 767 1468 817; x_wconf 86' lang='lat' dir='ltr'>flabris,</span> 
     </span>
     <span class='ocr_line' id='line_1_10' title="bbox 361 836 1602 893; baseline 0.002 -16"><span class='ocrx_word' id='word_1_57' title='bbox 361 840 406 877; x_wconf 87' lang='lat' dir='ltr'>et</span> <span class='ocrx_word' id='word_1_58' title='bbox 436 850 733 891; x_wconf 85' lang='lat' dir='ltr'>quaecumque</span> <span class='ocrx_word' id='word_1_59' title='bbox 764 836 809 877; x_wconf 92' lang='lat' dir='ltr'>in</span> <span class='ocrx_word' id='word_1_60' title='bbox 841 851 890 878; x_wconf 94' lang='lat' dir='ltr'>eo</span> <span class='ocrx_word' id='word_1_61' title='bbox 922 843 1017 878; x_wconf 91' lang='lat' dir='ltr'>tum</span> <span class='ocrx_word' id='word_1_62' title='bbox 1049 838 1136 879; x_wconf 90' lang='lat' dir='ltr'>sint</span> <span class='ocrx_word' id='word_1_63' title='bbox 1168 838 1378 893; x_wconf 88' lang='lat' dir='ltr'>deprensa</span> <span class='ocrx_word' id='word_1_64' title='bbox 1408 837 1602 880; x_wconf 85' lang='lat' dir='ltr'>tumultu</span> 
     </span>
     <span class='ocr_line' id='line_1_11' title="bbox 360 903 1854 962; baseline 0.003 -17"><span class='ocrx_word' id='word_1_65' title='bbox 360 903 533 959; x_wconf 82' lang='lat' dir='ltr'>navigia</span> <span class='ocrx_word' id='word_1_66' title='bbox 562 904 608 945; x_wconf 86' lang='lat' dir='ltr'>in</span> <span class='ocrx_word' id='word_1_67' title='bbox 638 919 858 946; x_wconf 89' lang='lat' dir='ltr'>summum</span> <span class='ocrx_word' id='word_1_68' title='bbox 889 906 1066 947; x_wconf 83' lang='lat' dir='ltr'>veniant</span> <span class='ocrx_word' id='word_1_69' title='bbox 1098 912 1252 948; x_wconf 82' lang='lat' dir='ltr'>vexata</span> <span class='ocrx_word' id='word_1_70' title='bbox 1283 906 1499 962; x_wconf 87' lang='lat' dir='ltr'>periclum.</span> <span class='ocrx_word' id='word_1_71' title='bbox 1765 918 1854 960; x_wconf 90' lang='lat'>430</span> 
     </span>
     <span class='ocr_line' id='line_1_12' title="bbox 362 971 1528 1029; baseline 0.002 -16"><span class='ocrx_word' id='word_1_72' title='bbox 362 971 440 1013; x_wconf 89' lang='lat' dir='ltr'>hoc</span> <span class='ocrx_word' id='word_1_73' title='bbox 472 972 521 1013; x_wconf 86' lang='lat' dir='ltr'>fit</span> <span class='ocrx_word' id='word_1_74' title='bbox 552 972 627 1013; x_wconf 90' lang='lat' dir='ltr'>ubi</span> <span class='ocrx_word' id='word_1_75' title='bbox 658 972 877 1014; x_wconf 87' lang='lat' dir='ltr'>interdum</span> <span class='ocrx_word' id='word_1_76' title='bbox 909 988 994 1015; x_wconf 93' lang='lat' dir='ltr'>non</span> <span class='ocrx_word' id='word_1_77' title='bbox 1025 974 1121 1029; x_wconf 85' lang='lat' dir='ltr'>quit</span> <span class='ocrx_word' id='word_1_78' title='bbox 1151 974 1215 1015; x_wconf 91' lang='lat' dir='ltr'>vis</span> <span class='ocrx_word' id='word_1_79' title='bbox 1246 974 1379 1015; x_wconf 89' lang='lat' dir='ltr'>incita</span> <span class='ocrx_word' id='word_1_80' title='bbox 1409 974 1528 1015; x_wconf 87' lang='lat' dir='ltr'>venti</span> 
     </span>
     <span class='ocr_line' id='line_1_13' title="bbox 359 1042 1614 1098; baseline 0.002 -17"><span class='ocrx_word' id='word_1_81' title='bbox 359 1055 557 1096; x_wconf 88' lang='lat' dir='ltr'>rumpere</span> <span class='ocrx_word' id='word_1_82' title='bbox 588 1056 717 1096; x_wconf 89' lang='lat' dir='ltr'>quam</span> <span class='ocrx_word' id='word_1_83' title='bbox 749 1042 891 1097; x_wconf 93' lang='lat' dir='ltr'>coepit</span> <span class='ocrx_word' id='word_1_84' title='bbox 921 1042 1094 1092; x_wconf 88' lang='lat' dir='ltr'>nubem,</span> <span class='ocrx_word' id='word_1_85' title='bbox 1125 1043 1199 1084; x_wconf 91' lang='lat' dir='ltr'>sed</span> <span class='ocrx_word' id='word_1_86' title='bbox 1231 1043 1447 1098; x_wconf 85' lang='lat' dir='ltr'>deprimit,</span> <span class='ocrx_word' id='word_1_87' title='bbox 1477 1048 1527 1084; x_wconf 91' lang='lat' dir='ltr'>ut</span> <span class='ocrx_word' id='word_1_88' title='bbox 1558 1043 1614 1085; x_wconf 89' lang='lat' dir='ltr'>sit</span> 
     </span>
     <span class='ocr_line' id='line_1_14' title="bbox 358 1110 1490 1167; baseline 0.004 -17"><span class='ocrx_word' id='word_1_89' title='bbox 358 1110 403 1150; x_wconf 90' lang='lat' dir='ltr'>in</span> <span class='ocrx_word' id='word_1_90' title='bbox 434 1125 550 1152; x_wconf 89' lang='lat' dir='ltr'>mare</span> <span class='ocrx_word' id='word_1_91' title='bbox 581 1110 633 1151; x_wconf 92' lang='lat' dir='ltr'>de</span> <span class='ocrx_word' id='word_1_92' title='bbox 666 1110 781 1152; x_wconf 87' lang='lat' dir='ltr'>caelo</span> <span class='ocrx_word' id='word_1_93' title='bbox 814 1117 1036 1167; x_wconf 81' lang='lat' dir='ltr'>tamquam</span> <span class='ocrx_word' id='word_1_94' title='bbox 1068 1111 1252 1153; x_wconf 80' lang='lat' dir='ltr'>demissa</span> <span class='ocrx_word' id='word_1_95' title='bbox 1282 1112 1490 1162; x_wconf 86' lang='lat' dir='ltr'>columna,</span> 
     </span>
     <span class='ocr_line' id='line_1_15' title="bbox 358 1180 1548 1237; baseline 0.002 -17"><span class='ocrx_word' id='word_1_96' title='bbox 358 1180 580 1235; x_wconf 89' lang='lat' dir='ltr'>paulatim,</span> <span class='ocrx_word' id='word_1_97' title='bbox 612 1181 732 1235; x_wconf 86' lang='lat' dir='ltr'>quasi</span> <span class='ocrx_word' id='word_1_98' title='bbox 763 1181 869 1236; x_wconf 88' lang='lat' dir='ltr'>quid</span> <span class='ocrx_word' id='word_1_99' title='bbox 900 1195 1045 1237; x_wconf 85' lang='lat' dir='ltr'>pugno</span> <span class='ocrx_word' id='word_1_100' title='bbox 1076 1181 1333 1237; x_wconf 85' lang='lat' dir='ltr'>bracchique</span> <span class='ocrx_word' id='word_1_101' title='bbox 1365 1195 1548 1237; x_wconf 90' lang='lat' dir='ltr'>superne</span> 
     </span>
     <span class='ocr_line' id='line_1_16' title="bbox 358 1249 1844 1304; baseline 0.002 -15"><span class='ocrx_word' id='word_1_102' title='bbox 358 1249 551 1290; x_wconf 89' lang='lat' dir='ltr'>coniectu</span> <span class='ocrx_word' id='word_1_103' title='bbox 585 1250 788 1291; x_wconf 87' lang='lat' dir='ltr'>trudatur</span> <span class='ocrx_word' id='word_1_104' title='bbox 819 1256 864 1292; x_wconf 86' lang='lat' dir='ltr'>et</span> <span class='ocrx_word' id='word_1_105' title='bbox 896 1251 1156 1292; x_wconf 75' lang='lat' dir='ltr'>extendatur</span> <span class='ocrx_word' id='word_1_106' title='bbox 1187 1251 1231 1292; x_wconf 90' lang='lat' dir='ltr'>in</span> <span class='ocrx_word' id='word_1_107' title='bbox 1265 1251 1426 1302; x_wconf 81' lang='lat' dir='ltr'>undas3</span> <span class='ocrx_word' id='word_1_108' title='bbox 1763 1261 1844 1304; x_wconf 86' lang='lat'>435</span> 
     </span>
     <span class='ocr_line' id='line_1_17' title="bbox 357 1318 1663 1375; baseline 0.002 -17"><span class='ocrx_word' id='word_1_109' title='bbox 357 1332 487 1373; x_wconf 90' lang='lat' dir='ltr'>quam</span> <span class='ocrx_word' id='word_1_110' title='bbox 520 1333 617 1359; x_wconf 87' lang='lat' dir='ltr'>cum</span> <span class='ocrx_word' id='word_1_111' title='bbox 649 1318 834 1369; x_wconf 88' lang='lat' dir='ltr'>discidit,</span> <span class='ocrx_word' id='word_1_112' title='bbox 866 1319 965 1361; x_wconf 90' lang='lat' dir='ltr'>hinc</span> <span class='ocrx_word' id='word_1_113' title='bbox 996 1320 1292 1375; x_wconf 84' lang='lat' dir='ltr'>prorumpitur</span> <span class='ocrx_word' id='word_1_114' title='bbox 1322 1320 1367 1361; x_wconf 89' lang='lat' dir='ltr'>in</span> <span class='ocrx_word' id='word_1_115' title='bbox 1398 1335 1513 1361; x_wconf 84' lang='lat' dir='ltr'>mare</span> <span class='ocrx_word' id='word_1_116' title='bbox 1544 1319 1663 1361; x_wconf 85' lang='lat' dir='ltr'>venti</span> 
     </span>
     <span class='ocr_line' id='line_1_18' title="bbox 357 1387 1445 1440; baseline 0.002 -12"><span class='ocrx_word' id='word_1_117' title='bbox 357 1387 420 1428; x_wconf 90' lang='lat' dir='ltr'>vis</span> <span class='ocrx_word' id='word_1_118' title='bbox 451 1393 496 1429; x_wconf 94' lang='lat' dir='ltr'>et</span> <span class='ocrx_word' id='word_1_119' title='bbox 527 1388 734 1429; x_wconf 88' lang='lat' dir='ltr'>fervorem</span> <span class='ocrx_word' id='word_1_120' title='bbox 769 1389 925 1430; x_wconf 86' lang='lat' dir='ltr'>mirum</span> <span class='ocrx_word' id='word_1_121' title='bbox 958 1389 1186 1430; x_wconf 83' lang='lat' dir='ltr'>concinnat</span> <span class='ocrx_word' id='word_1_122' title='bbox 1218 1389 1262 1430; x_wconf 90' lang='lat' dir='ltr'>in</span> <span class='ocrx_word' id='word_1_123' title='bbox 1296 1389 1445 1440; x_wconf 86' lang='lat' dir='ltr'>undis;</span> 
     </span>
     <span class='ocr_line' id='line_1_19' title="bbox 357 1457 1432 1500; baseline 0.001 -2"><span class='ocrx_word' id='word_1_124' title='bbox 357 1457 651 1499; x_wconf 87' lang='lat' dir='ltr'>versabundus</span> <span class='ocrx_word' id='word_1_125' title='bbox 681 1457 795 1499; x_wconf 89' lang='lat' dir='ltr'>enim</span> <span class='ocrx_word' id='word_1_126' title='bbox 828 1458 955 1500; x_wconf 82' lang='lat' dir='ltr'>turbo</span> <span class='ocrx_word' id='word_1_127' title='bbox 986 1457 1207 1500; x_wconf 89' lang='lat' dir='ltr'>descendit</span> <span class='ocrx_word' id='word_1_128' title='bbox 1238 1464 1283 1499; x_wconf 92' lang='lat' dir='ltr'>et</span> <span class='ocrx_word' id='word_1_129' title='bbox 1314 1458 1432 1499; x_wconf 86' lang='lat' dir='ltr'>illam</span> 
     </span>
     <span class='ocr_line' id='line_1_20' title="bbox 355 1525 1417 1582; baseline 0.001 -15"><span class='ocrx_word' id='word_1_130' title='bbox 355 1525 531 1568; x_wconf 88' lang='lat' dir='ltr'>deducit</span> <span class='ocrx_word' id='word_1_131' title='bbox 561 1526 722 1581; x_wconf 87' lang='lat' dir='ltr'>pariter</span> <span class='ocrx_word' id='word_1_132' title='bbox 753 1527 870 1568; x_wconf 91' lang='lat' dir='ltr'>lento</span> <span class='ocrx_word' id='word_1_133' title='bbox 901 1542 998 1568; x_wconf 88' lang='lat' dir='ltr'>cum</span> <span class='ocrx_word' id='word_1_134' title='bbox 1031 1541 1202 1582; x_wconf 89' lang='lat' dir='ltr'>corpore</span> <span class='ocrx_word' id='word_1_135' title='bbox 1233 1527 1417 1578; x_wconf 82' lang='lat' dir='ltr'>nubcm;</span> 
     </span>
     <span class='ocr_line' id='line_1_21' title="bbox 356 1595 1846 1651; baseline 0.003 -16"><span class='ocrx_word' id='word_1_136' title='bbox 356 1609 484 1650; x_wconf 85' lang='lat' dir='ltr'>quam</span> <span class='ocrx_word' id='word_1_137' title='bbox 516 1595 644 1636; x_wconf 88' lang='lat' dir='ltr'>simul</span> <span class='ocrx_word' id='word_1_138' title='bbox 675 1610 723 1636; x_wconf 94' lang='lat' dir='ltr'>ac</span> <span class='ocrx_word' id='word_1_139' title='bbox 754 1595 975 1650; x_wconf 84' lang='lat' dir='ltr'>gravidam</span> <span class='ocrx_word' id='word_1_140' title='bbox 1007 1595 1194 1637; x_wconf 89' lang='lat' dir='ltr'>detrusit</span> <span class='ocrx_word' id='word_1_141' title='bbox 1224 1595 1279 1636; x_wconf 89' lang='lat' dir='ltr'>ad</span> <span class='ocrx_word' id='word_1_142' title='bbox 1310 1610 1494 1651; x_wconf 88' lang='lat' dir='ltr'>aequora</span> <span class='ocrx_word' id='word_1_143' title='bbox 1524 1595 1656 1651; x_wconf 88' lang='lat' dir='ltr'>ponti,</span> <span class='ocrx_word' id='word_1_144' title='bbox 1759 1608 1846 1649; x_wconf 90' lang='lat'>440</span> 
     </span>
     <span class='ocr_line' id='line_1_22' title="bbox 354 1661 1562 1717; baseline 0.001 -15"><span class='ocrx_word' id='word_1_145' title='bbox 354 1661 426 1702; x_wconf 88' lang='lat' dir='ltr'>ille</span> <span class='ocrx_word' id='word_1_146' title='bbox 457 1661 502 1702; x_wconf 88' lang='lat' dir='ltr'>in</span> <span class='ocrx_word' id='word_1_147' title='bbox 533 1676 688 1717; x_wconf 88' lang='lat' dir='ltr'>aquam</span> <span class='ocrx_word' id='word_1_148' title='bbox 720 1662 864 1704; x_wconf 82' lang='lat' dir='ltr'>subito</span> <span class='ocrx_word' id='word_1_149' title='bbox 896 1669 1038 1704; x_wconf 89' lang='lat' dir='ltr'>totum</span> <span class='ocrx_word' id='word_1_150' title='bbox 1069 1678 1114 1704; x_wconf 89' lang='lat' dir='ltr'>se</span> <span class='ocrx_word' id='word_1_151' title='bbox 1146 1662 1332 1704; x_wconf 88' lang='lat' dir='ltr'>inmittit</span> <span class='ocrx_word' id='word_1_152' title='bbox 1363 1668 1407 1704; x_wconf 85' lang='lat' dir='ltr'>et</span> <span class='ocrx_word' id='word_1_153' title='bbox 1437 1677 1562 1704; x_wconf 87' lang='lat' dir='ltr'>omne</span> 
     </span>
     <span class='ocr_line' id='line_1_23' title="bbox 355 1730 1424 1787; baseline 0.001 -15"><span class='ocrx_word' id='word_1_154' title='bbox 355 1730 515 1772; x_wconf 81' lang='lat' dir='ltr'>excitat</span> <span class='ocrx_word' id='word_1_155' title='bbox 546 1731 714 1786; x_wconf 70' lang='lat' dir='ltr'>ingenti</span> <span class='ocrx_word' id='word_1_156' title='bbox 745 1731 890 1773; x_wconf 89' lang='lat' dir='ltr'>sonitu</span> <span class='ocrx_word' id='word_1_157' title='bbox 922 1746 1038 1773; x_wconf 88' lang='lat' dir='ltr'>mare</span> <span class='ocrx_word' id='word_1_158' title='bbox 1071 1732 1231 1774; x_wconf 88' lang='lat' dir='ltr'>fervere</span> <span class='ocrx_word' id='word_1_159' title='bbox 1262 1747 1424 1787; x_wconf 83' lang='lat' dir='ltr'>cogens.</span> 
     </span>
     <span class='ocr_line' id='line_1_24' title="bbox 354 1800 1470 1857; baseline 0.003 -17"><span class='ocrx_word' id='word_1_160' title='bbox 354 1800 405 1841; x_wconf 88' lang='lat' dir='ltr'>fit</span> <span class='ocrx_word' id='word_1_161' title='bbox 435 1815 602 1855; x_wconf 85' lang='lat' dir='ltr'>quoque</span> <span class='ocrx_word' id='word_1_162' title='bbox 633 1806 684 1842; x_wconf 89' lang='lat' dir='ltr'>ut</span> <span class='ocrx_word' id='word_1_163' title='bbox 714 1801 904 1842; x_wconf 86' lang='lat' dir='ltr'>involvat</span> <span class='ocrx_word' id='word_1_164' title='bbox 935 1801 1054 1842; x_wconf 86' lang='lat' dir='ltr'>venti</span> <span class='ocrx_word' id='word_1_165' title='bbox 1085 1816 1129 1843; x_wconf 90' lang='lat' dir='ltr'>se</span> <span class='ocrx_word' id='word_1_166' title='bbox 1159 1801 1348 1843; x_wconf 89' lang='lat' dir='ltr'>nubibus</span> <span class='ocrx_word' id='word_1_167' title='bbox 1380 1802 1470 1857; x_wconf 90' lang='lat' dir='ltr'>ipse</span> 
     </span>
     <span class='ocr_line' id='line_1_25' title="bbox 354 1869 1332 1912; baseline 0.003 -3"><span class='ocrx_word' id='word_1_168' title='bbox 354 1875 501 1910; x_wconf 79' lang='lat' dir='ltr'>vertex</span> <span class='ocrx_word' id='word_1_169' title='bbox 532 1869 764 1911; x_wconf 86' lang='lat' dir='ltr'>conradens</span> <span class='ocrx_word' id='word_1_170' title='bbox 796 1885 847 1912; x_wconf 83' lang='lat' dir='ltr'>ex</span> <span class='ocrx_word' id='word_1_171' title='bbox 879 1884 977 1912; x_wconf 85' lang='lat' dir='ltr'>aere</span> <span class='ocrx_word' id='word_1_172' title='bbox 1008 1870 1174 1912; x_wconf 89' lang='lat' dir='ltr'>semina</span> <span class='ocrx_word' id='word_1_173' title='bbox 1203 1871 1332 1912; x_wconf 88' lang='lat' dir='ltr'>nubis</span> 
     </span>
     <span class='ocr_line' id='line_1_26' title="bbox 354 1937 1838 1993; baseline 0.001 -15"><span class='ocrx_word' id='word_1_174' title='bbox 354 1943 398 1977; x_wconf 90' lang='lat' dir='ltr'>et</span> <span class='ocrx_word' id='word_1_175' title='bbox 429 1937 549 1992; x_wconf 92' lang='lat' dir='ltr'>quasi</span> <span class='ocrx_word' id='word_1_176' title='bbox 580 1937 813 1979; x_wconf 90' lang='lat' dir='ltr'>demissum</span> <span class='ocrx_word' id='word_1_177' title='bbox 846 1937 962 1978; x_wconf 88' lang='lat' dir='ltr'>caelo</span> <span class='ocrx_word' id='word_1_178' title='bbox 993 1947 1186 1993; x_wconf 83' lang='lat' dir='ltr'>prestera</span> <span class='ocrx_word' id='word_1_179' title='bbox 1215 1937 1422 1980; x_wconf 85' lang='lat' dir='ltr'>imitetur.</span> <span class='ocrx_word' id='word_1_180' title='bbox 1757 1950 1838 1993; x_wconf 84' lang='lat'>445</span> 
     </span>
     <span class='ocr_line' id='line_1_27' title="bbox 353 2006 1380 2063; baseline 0.001 -16"><span class='ocrx_word' id='word_1_181' title='bbox 353 2006 422 2047; x_wconf 89' lang='lat' dir='ltr'>hic</span> <span class='ocrx_word' id='word_1_182' title='bbox 453 2006 528 2048; x_wconf 91' lang='lat' dir='ltr'>ubi</span> <span class='ocrx_word' id='word_1_183' title='bbox 558 2021 602 2048; x_wconf 89' lang='lat' dir='ltr'>se</span> <span class='ocrx_word' id='word_1_184' title='bbox 634 2007 679 2048; x_wconf 89' lang='lat' dir='ltr'>in</span> <span class='ocrx_word' id='word_1_185' title='bbox 710 2012 846 2048; x_wconf 83' lang='lat' dir='ltr'>terras</span> <span class='ocrx_word' id='word_1_186' title='bbox 877 2007 1052 2049; x_wconf 91' lang='lat' dir='ltr'>demisit</span> <span class='ocrx_word' id='word_1_187' title='bbox 1083 2007 1380 2063; x_wconf 89' lang='lat' dir='ltr'>dissoluitque,</span> 
     </span>
     <span class='ocr_line' id='line_1_28' title="bbox 351 2075 1560 2133; baseline 0.002 -17"><span class='ocrx_word' id='word_1_188' title='bbox 351 2075 537 2117; x_wconf 86' lang='lat' dir='ltr'>turbinis</span> <span class='ocrx_word' id='word_1_189' title='bbox 568 2076 784 2117; x_wconf 88' lang='lat' dir='ltr'>inmanem</span> <span class='ocrx_word' id='word_1_190' title='bbox 816 2076 903 2117; x_wconf 87' lang='lat' dir='ltr'>vim</span> <span class='ocrx_word' id='word_1_191' title='bbox 935 2077 1147 2132; x_wconf 89' lang='lat' dir='ltr'>provomit</span> <span class='ocrx_word' id='word_1_192' title='bbox 1178 2082 1309 2132; x_wconf 87' lang='lat' dir='ltr'>atque</span> <span class='ocrx_word' id='word_1_193' title='bbox 1340 2076 1560 2133; x_wconf 86' lang='lat' dir='ltr'>procellae.</span> 
     </span>
     <span class='ocr_line' id='line_1_29' title="bbox 353 2145 1483 2201; baseline 0.002 -15"><span class='ocrx_word' id='word_1_194' title='bbox 353 2145 426 2186; x_wconf 87' lang='lat' dir='ltr'>sed</span> <span class='ocrx_word' id='word_1_195' title='bbox 457 2145 558 2200; x_wconf 85' lang='lat' dir='ltr'>quia</span> <span class='ocrx_word' id='word_1_196' title='bbox 586 2145 637 2186; x_wconf 87' lang='lat' dir='ltr'>fit</span> <span class='ocrx_word' id='word_1_197' title='bbox 667 2160 760 2187; x_wconf 90' lang='lat' dir='ltr'>raro</span> <span class='ocrx_word' id='word_1_198' title='bbox 791 2145 964 2186; x_wconf 87' lang='lat' dir='ltr'>omnino</span> <span class='ocrx_word' id='word_1_199' title='bbox 996 2146 1237 2201; x_wconf 88' lang='lat' dir='ltr'>montisque</span> <span class='ocrx_word' id='word_1_200' title='bbox 1269 2152 1483 2188; x_wconf 87' lang='lat' dir='ltr'>necessest</span> 
     </span>
     <span class='ocr_line' id='line_1_30' title="bbox 351 2213 1333 2269; baseline 0.002 -16"><span class='ocrx_word' id='word_1_201' title='bbox 351 2213 515 2254; x_wconf 88' lang='lat' dir='ltr'>officere</span> <span class='ocrx_word' id='word_1_202' title='bbox 546 2213 590 2254; x_wconf 94' lang='lat' dir='ltr'>in</span> <span class='ocrx_word' id='word_1_203' title='bbox 623 2213 759 2263; x_wconf 88' lang='lat' dir='ltr'>terris,</span> <span class='ocrx_word' id='word_1_204' title='bbox 790 2219 970 2269; x_wconf 86' lang='lat' dir='ltr'>apparet</span> <span class='ocrx_word' id='word_1_205' title='bbox 1001 2213 1188 2255; x_wconf 88' lang='lat' dir='ltr'>crebrius</span> <span class='ocrx_word' id='word_1_206' title='bbox 1219 2213 1333 2255; x_wconf 89' lang='lat' dir='ltr'>idem</span> 
     </span>
     <span class='ocr_line' id='line_1_31' title="bbox 350 2281 1843 2339; baseline 0.003 -18"><span class='ocrx_word' id='word_1_207' title='bbox 350 2287 577 2337; x_wconf 86' lang='lat' dir='ltr'>prospectu</span> <span class='ocrx_word' id='word_1_208' title='bbox 609 2281 738 2323; x_wconf 88' lang='lat' dir='ltr'>maris</span> <span class='ocrx_word' id='word_1_209' title='bbox 768 2282 815 2323; x_wconf 90' lang='lat' dir='ltr'>in</span> <span class='ocrx_word' id='word_1_210' title='bbox 844 2297 1001 2339; x_wconf 85' lang='lat' dir='ltr'>magno</span> <span class='ocrx_word' id='word_1_211' title='bbox 1033 2282 1234 2338; x_wconf 86' lang='lat' dir='ltr'>caeloque</span> <span class='ocrx_word' id='word_1_212' title='bbox 1265 2282 1444 2338; x_wconf 87' lang='lat' dir='ltr'>patenti.</span> <span class='ocrx_word' id='word_1_213' title='bbox 1754 2294 1843 2337; x_wconf 88' lang='lat'>450</span> 
     </span>
     <span class='ocr_line' id='line_1_32' title="bbox 410 2350 1580 2407; baseline 0.001 -16"><span class='ocrx_word' id='word_1_214' title='bbox 410 2350 574 2392; x_wconf 85' lang='lat' dir='ltr'>Nubila</span> <span class='ocrx_word' id='word_1_215' title='bbox 604 2356 890 2401; x_wconf 88' lang='lat' dir='ltr'>concrescunt,</span> <span class='ocrx_word' id='word_1_216' title='bbox 922 2351 997 2393; x_wconf 92' lang='lat' dir='ltr'>ubi</span> <span class='ocrx_word' id='word_1_217' title='bbox 1028 2366 1201 2407; x_wconf 88' lang='lat' dir='ltr'>corpora</span> <span class='ocrx_word' id='word_1_218' title='bbox 1232 2351 1370 2393; x_wconf 87' lang='lat' dir='ltr'>multa</span> <span class='ocrx_word' id='word_1_219' title='bbox 1401 2351 1580 2393; x_wconf 88' lang='lat' dir='ltr'>volando</span> 
     </span>
    </p>
   </div>
   <div class='ocr_carea' id='block_1_3' title="bbox 234 2505 1838 2986">
    <p class='ocr_par' dir='ltr' id='par_1_3' title="bbox 234 2505 1838 2986">
     <span class='ocr_line' id='line_1_33' title="bbox 235 2505 1832 2544; baseline 0.005 -8"><span class='ocrx_word' id='word_1_220' title='bbox 235 2506 326 2536; x_wconf 72' lang='lat' dir='ltr'>saevi</span> <span class='ocrx_word' id='word_1_221' title='bbox 342 2510 379 2536; x_wconf 82' lang='lat' dir='ltr'>ut</span> <span class='ocrx_word' id='word_1_222' title='bbox 395 2505 480 2536; x_wconf 85' lang='lat' dir='ltr'>Mar.</span> <span class='ocrx_word' id='word_1_223' title='bbox 499 2505 596 2539; x_wconf 85' lang='lat' dir='ltr'>Junt.</span> <span class='ocrx_word' id='word_1_224' title='bbox 742 2507 804 2538; x_wconf 89' lang='grc'>421</span> <span class='ocrx_word' id='word_1_225' title='bbox 829 2509 902 2539; x_wconf 77' lang='lat' dir='ltr'>Loca</span> <span class='ocrx_word' id='word_1_226' title='bbox 916 2508 945 2539; x_wconf 92' lang='lat' dir='ltr'>B</span> <span class='ocrx_word' id='word_1_227' title='bbox 962 2517 1048 2540; x_wconf 88' lang='lat' dir='ltr'>corr.</span> <span class='ocrx_word' id='word_1_228' title='bbox 1069 2507 1158 2539; x_wconf 85' lang='lat' dir='ltr'>Flor.</span> <span class='ocrx_word' id='word_1_229' title='bbox 1177 2509 1217 2539; x_wconf 85' lang='lat'>31</span> <span class='ocrx_word' id='word_1_230' title='bbox 1236 2507 1353 2541; x_wconf 82' lang='lat' dir='ltr'>Camb.</span> <span class='ocrx_word' id='word_1_231' title='bbox 1374 2507 1466 2539; x_wconf 89' lang='lat' dir='ltr'>Mon.</span> <span class='ocrx_word' id='word_1_232' title='bbox 1485 2507 1560 2539; x_wconf 87' lang='lat' dir='ltr'>Ver.</span> <span class='ocrx_word' id='word_1_233' title='bbox 1579 2507 1662 2540; x_wconf 87' lang='lat' dir='ltr'>Ven.</span> <span class='ocrx_word' id='word_1_234' title='bbox 1680 2508 1734 2541; x_wconf 83' lang='lat' dir='ltr'>for</span> <span class='ocrx_word' id='word_1_235' title='bbox 1748 2511 1832 2544; x_wconf 86' lang='lat' dir='ltr'>ioca.</span> 
     </span>
     <span class='ocr_line' id='line_1_34' title="bbox 235 2559 1835 2602; baseline 0.003 -12"><span class='ocrx_word' id='word_1_236' title='bbox 235 2570 294 2600; x_wconf 77' lang='lat' dir='ltr'>que</span> <span class='ocrx_word' id='word_1_237' title='bbox 317 2561 388 2591; x_wconf 82' lang='lat' dir='ltr'>eius</span> <span class='ocrx_word' id='word_1_238' title='bbox 411 2559 515 2592; x_wconf 87' lang='lat' dir='ltr'>Lach.</span> <span class='ocrx_word' id='word_1_239' title='bbox 542 2559 596 2591; x_wconf 78' lang='lat' dir='ltr'>for</span> <span class='ocrx_word' id='word_1_240' title='bbox 617 2570 677 2601; x_wconf 79' lang='lat' dir='ltr'>que</span> <span class='ocrx_word' id='word_1_241' title='bbox 694 2562 783 2601; x_wconf 79' lang='lat' dir='ltr'>plus.</span> <span class='ocrx_word' id='word_1_242' title='bbox 834 2571 896 2602; x_wconf 81' lang='lat' dir='ltr'>que</span> <span class='ocrx_word' id='word_1_243' title='bbox 921 2562 1019 2593; x_wconf 82' lang='lat' dir='ltr'>huius</span> <span class='ocrx_word' id='word_1_244' title='bbox 1042 2561 1162 2593; x_wconf 87' lang='lat' dir='ltr'>Lamb.</span> <span class='ocrx_word' id='word_1_245' title='bbox 1343 2562 1407 2592; x_wconf 85' lang='lat'>424</span> <span class='ocrx_word' id='word_1_246' title='bbox 1434 2562 1518 2593; x_wconf 82' lang='lat' dir='ltr'>Grai</span> <span class='ocrx_word' id='word_1_247' title='bbox 1536 2561 1626 2594; x_wconf 84' lang='lat' dir='ltr'>Flor.</span> <span class='ocrx_word' id='word_1_248' title='bbox 1653 2563 1694 2594; x_wconf 87' lang='lat'>31</span> <span class='ocrx_word' id='word_1_249' title='bbox 1717 2562 1835 2596; x_wconf 81' lang='lat' dir='ltr'>camb.</span> 
     </span>
     <span class='ocr_line' id='line_1_35' title="bbox 234 2613 1838 2651; baseline 0.004 -6"><span class='ocrx_word' id='word_1_250' title='bbox 234 2613 328 2645; x_wconf 84' lang='lat' dir='ltr'>Brix.</span> <span class='ocrx_word' id='word_1_251' title='bbox 346 2615 399 2645; x_wconf 87' lang='lat' dir='ltr'>for</span> <span class='ocrx_word' id='word_1_252' title='bbox 417 2615 525 2646; x_wconf 80' lang='lat' dir='ltr'>Grali.</span> <span class='ocrx_word' id='word_1_253' title='bbox 577 2615 676 2645; x_wconf 72' lang='lat' dir='ltr'>Graii</span> <span class='ocrx_word' id='word_1_254' title='bbox 692 2615 721 2645; x_wconf 94' lang='lat' dir='ltr'>B</span> <span class='ocrx_word' id='word_1_255' title='bbox 738 2624 823 2647; x_wconf 86' lang='lat' dir='ltr'>corr.</span> <span class='ocrx_word' id='word_1_256' title='bbox 844 2615 930 2646; x_wconf 85' lang='lat' dir='ltr'>Mar.</span> <span class='ocrx_word' id='word_1_257' title='bbox 979 2617 1097 2647; x_wconf 78' lang='lat' dir='ltr'>Graiei</span> <span class='ocrx_word' id='word_1_258' title='bbox 1113 2615 1238 2648; x_wconf 81' lang='lat' dir='ltr'>Lach.:</span> <span class='ocrx_word' id='word_1_259' title='bbox 1262 2615 1444 2647; x_wconf 83' lang='lat' dir='ltr'>Lucretius</span> <span class='ocrx_word' id='word_1_260' title='bbox 1464 2617 1569 2648; x_wconf 82' lang='lat' dir='ltr'>wrote</span> <span class='ocrx_word' id='word_1_261' title='bbox 1590 2616 1698 2648; x_wconf 77' lang='lat' dir='ltr'>either</span> <span class='ocrx_word' id='word_1_262' title='bbox 1718 2618 1838 2651; x_wconf 82' lang='lat' dir='ltr'>Graiei</span> 
     </span>
     <span class='ocr_line' id='line_1_36' title="bbox 236 2670 1787 2711; baseline 0.003 -11"><span class='ocrx_word' id='word_1_263' title='bbox 236 2679 274 2701; x_wconf 93' lang='lat' dir='ltr'>or</span> <span class='ocrx_word' id='word_1_264' title='bbox 291 2671 387 2707; x_wconf 82' lang='lat' dir='ltr'>Grai,</span> <span class='ocrx_word' id='word_1_265' title='bbox 403 2672 465 2701; x_wconf 86' lang='lat' dir='ltr'>not</span> <span class='ocrx_word' id='word_1_266' title='bbox 480 2670 589 2702; x_wconf 77' lang='lat' dir='ltr'>Graii.</span> <span class='ocrx_word' id='word_1_267' title='bbox 682 2670 747 2702; x_wconf 88' lang='grc'>426</span> <span class='ocrx_word' id='word_1_268' title='bbox 764 2675 933 2711; x_wconf 78' lang='lat' dir='ltr'>tamquam</span> <span class='ocrx_word' id='word_1_269' title='bbox 948 2670 1037 2702; x_wconf 86' lang='lat' dir='ltr'>Flor.</span> <span class='ocrx_word' id='word_1_270' title='bbox 1059 2671 1099 2702; x_wconf 89' lang='lat'>31</span> <span class='ocrx_word' id='word_1_271' title='bbox 1118 2670 1233 2703; x_wconf 86' lang='lat' dir='ltr'>Camb.</span> <span class='ocrx_word' id='word_1_272' title='bbox 1255 2671 1330 2703; x_wconf 88' lang='lat' dir='ltr'>Ver.</span> <span class='ocrx_word' id='word_1_273' title='bbox 1348 2671 1430 2703; x_wconf 86' lang='lat' dir='ltr'>Ven.</span> <span class='ocrx_word' id='word_1_274' title='bbox 1449 2671 1535 2702; x_wconf 84' lang='lat' dir='ltr'>Mar.</span> <span class='ocrx_word' id='word_1_275' title='bbox 1551 2671 1604 2703; x_wconf 84' lang='lat' dir='ltr'>for</span> <span class='ocrx_word' id='word_1_276' title='bbox 1621 2677 1689 2703; x_wconf 84' lang='lat' dir='ltr'>tam</span> <span class='ocrx_word' id='word_1_277' title='bbox 1703 2682 1787 2705; x_wconf 85' lang='lat' dir='ltr'>cum.</span> 
     </span>
     <span class='ocr_line' id='line_1_37' title="bbox 277 2723 1834 2760; baseline 0.003 -6"><span class='ocrx_word' id='word_1_278' title='bbox 277 2724 341 2755; x_wconf 82' lang='lat'>428</span> <span class='ocrx_word' id='word_1_279' title='bbox 356 2725 463 2755; x_wconf 80' lang='lat' dir='ltr'>incita</span> <span class='ocrx_word' id='word_1_280' title='bbox 479 2723 569 2755; x_wconf 90' lang='lat' dir='ltr'>Flor.</span> <span class='ocrx_word' id='word_1_281' title='bbox 589 2723 630 2754; x_wconf 87' lang='lat'>31</span> <span class='ocrx_word' id='word_1_282' title='bbox 648 2723 767 2755; x_wconf 82' lang='lat' dir='ltr'>camb.</span> <span class='ocrx_word' id='word_1_283' title='bbox 785 2723 872 2755; x_wconf 86' lang='lat' dir='ltr'>Mar.</span> <span class='ocrx_word' id='word_1_284' title='bbox 888 2727 951 2756; x_wconf 85' lang='lat' dir='ltr'>etc.</span> <span class='ocrx_word' id='word_1_285' title='bbox 968 2725 1022 2756; x_wconf 87' lang='lat' dir='ltr'>for</span> <span class='ocrx_word' id='word_1_286' title='bbox 1038 2726 1155 2757; x_wconf 71' lang='lat' dir='ltr'>tacita.</span> <span class='ocrx_word' id='word_1_287' title='bbox 1246 2725 1310 2756; x_wconf 86' lang='lat'>430</span> <span class='ocrx_word' id='word_1_288' title='bbox 1328 2727 1466 2756; x_wconf 81' lang='lat' dir='ltr'>veniant</span> <span class='ocrx_word' id='word_1_289' title='bbox 1484 2724 1589 2756; x_wconf 83' lang='lat' dir='ltr'>Lach.</span> <span class='ocrx_word' id='word_1_290' title='bbox 1607 2725 1659 2757; x_wconf 84' lang='lat' dir='ltr'>for</span> <span class='ocrx_word' id='word_1_291' title='bbox 1680 2727 1834 2760; x_wconf 79' lang='lat' dir='ltr'>veniunt:</span> 
     </span>
     <span class='ocr_line' id='line_1_38' title="bbox 234 2777 1836 2818; baseline 0.002 -9"><span class='ocrx_word' id='word_1_292' title='bbox 234 2777 325 2809; x_wconf 82' lang='lat' dir='ltr'>Flor.</span> <span class='ocrx_word' id='word_1_293' title='bbox 342 2779 382 2809; x_wconf 88' lang='lat'>31</span> <span class='ocrx_word' id='word_1_294' title='bbox 400 2778 485 2810; x_wconf 82' lang='lat' dir='ltr'>Mar.</span> <span class='ocrx_word' id='word_1_295' title='bbox 502 2778 599 2809; x_wconf 78' lang='lat' dir='ltr'>Junt.</span> <span class='ocrx_word' id='word_1_296' title='bbox 615 2778 736 2809; x_wconf 88' lang='lat' dir='ltr'>Lamb.</span> <span class='ocrx_word' id='word_1_297' title='bbox 753 2778 843 2818; x_wconf 85' lang='lat' dir='ltr'>vulg.</span> <span class='ocrx_word' id='word_1_298' title='bbox 860 2778 946 2818; x_wconf 83' lang='lat' dir='ltr'>keep</span> <span class='ocrx_word' id='word_1_299' title='bbox 961 2780 1110 2816; x_wconf 82' lang='lat' dir='ltr'>veniunt,</span> <span class='ocrx_word' id='word_1_300' title='bbox 1128 2778 1197 2810; x_wconf 83' lang='lat' dir='ltr'>and</span> <span class='ocrx_word' id='word_1_301' title='bbox 1213 2779 1276 2811; x_wconf 86' lang='lat'>429</span> <span class='ocrx_word' id='word_1_302' title='bbox 1292 2778 1373 2810; x_wconf 87' lang='lat' dir='ltr'>read</span> <span class='ocrx_word' id='word_1_303' title='bbox 1388 2783 1473 2810; x_wconf 84' lang='lat' dir='ltr'>sunt.</span> <span class='ocrx_word' id='word_1_304' title='bbox 1606 2779 1670 2811; x_wconf 91' lang='lat'>440</span> <span class='ocrx_word' id='word_1_305' title='bbox 1694 2781 1836 2813; x_wconf 78' lang='lat' dir='ltr'>detrusit</span> 
     </span>
     <span class='ocr_line' id='line_1_39' title="bbox 234 2831 1835 2873; baseline 0.004 -11"><span class='ocrx_word' id='word_1_306' title='bbox 234 2831 353 2863; x_wconf 85' lang='lat' dir='ltr'>Lamb.</span> <span class='ocrx_word' id='word_1_307' title='bbox 371 2831 445 2862; x_wconf 85' lang='lat' dir='ltr'>first</span> <span class='ocrx_word' id='word_1_308' title='bbox 462 2831 513 2862; x_wconf 84' lang='lat' dir='ltr'>for</span> <span class='ocrx_word' id='word_1_309' title='bbox 529 2832 666 2864; x_wconf 78' lang='lat' dir='ltr'>detruit.</span> <span class='ocrx_word' id='word_1_310' title='bbox 714 2832 863 2863; x_wconf 76' lang='lat' dir='ltr'>detrudit</span> <span class='ocrx_word' id='word_1_311' title='bbox 879 2832 909 2862; x_wconf 92' lang='lat' dir='ltr'>A</span> <span class='ocrx_word' id='word_1_312' title='bbox 923 2841 1008 2863; x_wconf 86' lang='lat' dir='ltr'>corr.</span> <span class='ocrx_word' id='word_1_313' title='bbox 1026 2832 1119 2863; x_wconf 86' lang='lat' dir='ltr'>Nico.</span> <span class='ocrx_word' id='word_1_314' title='bbox 1250 2832 1314 2865; x_wconf 88' lang='lat'>447</span> <span class='ocrx_word' id='word_1_315' title='bbox 1327 2833 1495 2873; x_wconf 75' lang='lat' dir='ltr'>procellae</span> <span class='ocrx_word' id='word_1_316' title='bbox 1511 2833 1601 2864; x_wconf 79' lang='lat' dir='ltr'>Flor.</span> <span class='ocrx_word' id='word_1_317' title='bbox 1618 2834 1659 2865; x_wconf 86' lang='lat'>31</span> <span class='ocrx_word' id='word_1_318' title='bbox 1676 2834 1753 2867; x_wconf 81' lang='lat' dir='ltr'>Vat.</span> <span class='ocrx_word' id='word_1_319' title='bbox 1771 2835 1835 2869; x_wconf 81' lang='lat'>640</span> 
     </span>
     <span class='ocr_line' id='line_1_40' title="bbox 236 2885 1834 2927; baseline 0.004 -11"><span class='ocrx_word' id='word_1_320' title='bbox 236 2885 357 2916; x_wconf 83' lang='lat' dir='ltr'>Urbin.</span> <span class='ocrx_word' id='word_1_321' title='bbox 373 2885 449 2918; x_wconf 87' lang='lat' dir='ltr'>Vat.</span> <span class='ocrx_word' id='word_1_322' title='bbox 472 2886 555 2916; x_wconf 88' lang='lat'><strong>1136</strong></span> <span class='ocrx_word' id='word_1_323' title='bbox 572 2885 697 2917; x_wconf 89' lang='lat' dir='ltr'>Othob.</span> <span class='ocrx_word' id='word_1_324' title='bbox 715 2885 801 2918; x_wconf 88' lang='lat' dir='ltr'>Mar.</span> <span class='ocrx_word' id='word_1_325' title='bbox 818 2886 871 2917; x_wconf 87' lang='lat' dir='ltr'>for</span> <span class='ocrx_word' id='word_1_326' title='bbox 887 2887 1054 2927; x_wconf 77' lang='lat' dir='ltr'>procellat</span> <span class='ocrx_word' id='word_1_327' title='bbox 1069 2885 1182 2918; x_wconf 82' lang='lat' dir='ltr'>which</span> <span class='ocrx_word' id='word_1_328' title='bbox 1200 2886 1296 2919; x_wconf 84' lang='lat' dir='ltr'>Wak.</span> <span class='ocrx_word' id='word_1_329' title='bbox 1317 2886 1479 2927; x_wconf 78' lang='lat' dir='ltr'>absurdly</span> <span class='ocrx_word' id='word_1_330' title='bbox 1497 2886 1638 2920; x_wconf 79' lang='lat' dir='ltr'>retains.</span> <span class='ocrx_word' id='word_1_331' title='bbox 1769 2890 1834 2924; x_wconf 83' lang='lat'>449</span> 
     </span>
     <span class='ocr_line' id='line_1_41' title="bbox 238 2939 1834 2986; baseline 0.004 -16"><span class='ocrx_word' id='word_1_332' title='bbox 238 2940 368 2979; x_wconf 77' lang='lat' dir='ltr'>Officere</span> <span class='ocrx_word' id='word_1_333' title='bbox 383 2939 474 2973; x_wconf 85' lang='lat' dir='ltr'>Flor.</span> <span class='ocrx_word' id='word_1_334' title='bbox 495 2941 534 2971; x_wconf 88' lang='lat'>31</span> <span class='ocrx_word' id='word_1_335' title='bbox 552 2939 670 2972; x_wconf 85' lang='lat' dir='ltr'>Camb.</span> <span class='ocrx_word' id='word_1_336' title='bbox 687 2940 781 2972; x_wconf 87' lang='lat' dir='ltr'>Mon.</span> <span class='ocrx_word' id='word_1_337' title='bbox 798 2941 851 2972; x_wconf 87' lang='lat' dir='ltr'>for</span> <span class='ocrx_word' id='word_1_338' title='bbox 869 2942 1027 2982; x_wconf 77' lang='lat' dir='ltr'>Officeret.</span> <span class='ocrx_word' id='word_1_339' title='bbox 1159 2942 1222 2973; x_wconf 88' lang='grc'>452</span> <span class='ocrx_word' id='word_1_340' title='bbox 1239 2951 1354 2983; x_wconf 77' lang='lat' dir='ltr'>supero</span> <span class='ocrx_word' id='word_1_341' title='bbox 1369 2941 1474 2974; x_wconf 85' lang='lat' dir='ltr'>Lach.</span> <span class='ocrx_word' id='word_1_342' title='bbox 1491 2942 1544 2973; x_wconf 83' lang='lat' dir='ltr'>for</span> <span class='ocrx_word' id='word_1_343' title='bbox 1558 2952 1668 2984; x_wconf 78' lang='lat' dir='ltr'>super.</span> <span class='ocrx_word' id='word_1_344' title='bbox 1712 2953 1834 2986; x_wconf 75' lang='lat' dir='ltr'>supera</span> 
     </span>
    </p>
   </div>
  </div>
 </body>
</html>
