1997 3267
891 195 937 236 II
1649 206 1724 246 113

234 306 328 362 ipsa
358 320 526 362 quoque
558 320 609 347 ex
640 304 735 346 aliis
764 304 925 347 debent
955 308 1150 346 constare
1181 303 1417 352 elementis,

235 374 334 415 inde
365 374 450 415 alia
480 389 531 415 ex
563 373 670 422 aliis,
699 387 912 428 nusquam
945 372 1176 413 consistere
1208 376 1258 412 ut
1289 372 1426 412 ausis:

235 443 394 499 quippe
425 458 589 498 sequar,
620 442 919 498 quodcumque
950 440 1068 496 loqui
1098 440 1322 496 ridereque
1352 440 1467 481 dices

235 518 280 553 et
310 527 470 568 sapere,
501 526 553 553 ex
583 511 679 553 aliis
710 511 858 553 eadem
891 511 996 552 haec
1028 510 1286 552 facientibus
1317 516 1367 551 ut
1398 510 1465 552 sit.

235 582 349 638 quod
379 582 416 623 si
445 581 579 623 delira
609 581 713 622 haec
745 580 987 636 furiosaque
1019 581 1233 622 cernimus
1264 594 1355 622 esse
1641 580 1722 631 985

234 656 279 694 et
309 651 447 693 ridere
477 655 620 706 potest
649 665 736 691 non
767 664 818 691 ex
849 649 1082 691 ridentibu'
1114 650 1253 691 factus

235 726 280 762 et
311 734 458 775 sapere
488 725 534 761 et
564 719 701 760 doctis
731 718 943 760 rationem
975 719 1153 760 reddere
1183 718 1311 760 dictis

234 803 320 830 non
350 803 402 829 ex
433 787 669 829 seminibus
700 786 969 842 sapientibus
999 792 1131 842 atque
1163 787 1346 835 disertis,

235 857 310 913 qui
340 856 484 898 minus
514 870 604 897 esse
635 860 797 911 queant
827 870 878 897 ea
908 870 1016 911 quae
1047 855 1208 897 sentire
1239 855 1434 896 videmus

234 925 469 968 seminibus
499 923 715 981 permixta
744 924 989 966 carentibus
1020 925 1211 980 undique
1242 926 1402 966 sensu?
1641 935 1728 978 990

293 993 492 1049 Denique
523 993 698 1035 caelesti
728 1008 877 1034 sumus
908 1008 1055 1034 omnes
1086 993 1248 1034 semine
1279 992 1474 1044 oriundi3

235 1062 434 1104 omnibus
464 1062 535 1103 ille
567 1062 682 1103 idem
713 1066 838 1117 pater
868 1067 944 1111 est,
976 1061 1091 1103 unde
1122 1061 1236 1102 alma
1264 1061 1472 1118 liquentis

234 1132 394 1173 umoris
423 1136 573 1188 guttas
603 1136 743 1173 mater
772 1146 869 1173 cum
902 1137 1017 1173 terra
1047 1131 1222 1186 recepit,

235 1201 323 1243 feta
352 1201 466 1256 parit
495 1200 655 1242 nitidas
686 1201 830 1257 fruges
859 1200 1121 1256 arbustaque
1153 1200 1266 1241 laeta

235 1276 280 1312 et
309 1285 446 1326 genus
477 1270 727 1319 humanum,
758 1269 872 1325 parit
903 1270 1047 1311 omnia
1077 1270 1217 1312 saecla
1247 1270 1448 1319 ferarum,
1643 1279 1724 1323 995

235 1338 396 1393 pabula
425 1353 523 1379 cum
554 1338 732 1394 praebet
764 1338 921 1394 quibus
952 1353 1098 1380 omnes
1129 1353 1304 1394 corpora
1333 1344 1516 1394 pascunt

235 1412 280 1449 et
311 1406 479 1448 dulcem
510 1406 676 1448 ducunt
707 1405 841 1447 vitam
873 1406 1122 1461 prolemque
1153 1412 1394 1462 propagant
1409 1421 1419 1458 ;

235 1482 496 1532 quapropter
526 1476 681 1517 merito
711 1481 956 1517 maternum
986 1490 1144 1516 nomen
1174 1476 1334 1531 adepta
1364 1480 1441 1518 est.

236 1544 351 1586 cedit
381 1544 488 1586 item
518 1550 644 1594 retro,
675 1544 729 1586 de
760 1550 875 1586 terra
906 1544 1020 1599 quod
1051 1543 1135 1585 fuit
1166 1550 1279 1594 ante,

236 1614 282 1655 in
311 1619 458 1664 terras,
488 1618 533 1655 et
563 1612 678 1669 quod
708 1613 929 1655 missumst
959 1628 1011 1654 ex
1042 1613 1231 1654 aetheris
1262 1613 1357 1664 oris,
1622 1623 1731 1654 1000

236 1682 281 1724 id
311 1697 481 1724 rursum
512 1681 618 1723 caeli
647 1682 852 1723 rellatum
883 1681 1047 1737 templa
1075 1687 1311 1736 receptant.

236 1767 315 1794 nec
345 1752 406 1793 sic
435 1751 657 1793 interemit
688 1766 801 1792 mors
830 1766 897 1793 res
927 1756 978 1792 ut
1009 1751 1207 1792 materiai

239 1836 413 1877 corpora
442 1820 651 1869 conficiat,
682 1820 756 1861 sed
787 1825 958 1862 coetum
989 1820 1186 1876 dissupat
1217 1821 1323 1872 ollis,

238 1890 339 1932 inde
369 1889 465 1930 aliis
495 1889 613 1930 aliud
644 1888 891 1945 coniungit3
931 1893 976 1930 et
1007 1889 1098 1930 effit
1128 1895 1178 1930 ut
1210 1904 1357 1931 omnes

239 1974 307 2001 res
336 1959 400 2001 ita
430 1964 682 2000 convertant
713 1959 868 2000 formas
899 1963 1157 2014 mutentque
1188 1959 1346 2001 colores
1623 1969 1726 2012 1005

241 2035 286 2071 et
317 2029 489 2085 capiant
519 2044 667 2071 sensus
697 2034 742 2071 et
772 2034 933 2085 puncto
964 2035 1158 2085 tempore
1188 2031 1392 2081 reddant3

240 2104 292 2141 ut
320 2113 468 2140 noscas
497 2098 652 2140 referre
683 2099 833 2140 eadem
863 2099 1097 2154 primordia
1125 2114 1269 2141 rerum

239 2183 338 2211 cum
369 2168 525 2223 quibus
555 2173 601 2209 et
631 2167 749 2223 quali
778 2168 971 2223 positura
1000 2169 1304 2210 contineantur

242 2242 286 2279 et
318 2251 424 2292 quos
454 2236 569 2278 inter
599 2251 644 2278 se
674 2237 780 2279 dent
809 2242 953 2279 motus
983 2237 1294 2293 accipiantque,

239 2321 348 2349 neve
377 2312 505 2362 putes
534 2312 710 2349 aeterna
739 2321 871 2362 penes
900 2306 1085 2349 residere
1115 2312 1286 2363 potesse
1622 2319 1730 2349 1010

129 2470 249 2506 wrote3
273 2467 334 2500 but
358 2469 538 2501 elsewhere
561 2469 642 2510 they
657 2469 764 2502 insert
788 2469 847 2501 the
871 2470 903 2502 h.
1036 2470 1098 2502 982
1123 2470 1197 2501 alia
1221 2469 1298 2501 Ver.
1324 2467 1408 2500 Ven.
1436 2469 1487 2500 for
1509 2470 1571 2500 ali.

169 2521 232 2554 985
248 2522 355 2553 delira
370 2522 461 2554 Flor.
479 2523 520 2554 31
538 2522 656 2554 Camb.
672 2523 764 2556 Brix.
785 2523 872 2555 Mar.
890 2522 942 2554 for
958 2524 1011 2554 det
1027 2524 1093 2554 ira.
1269 2523 1332 2555 998
1348 2523 1472 2563 adepta
1488 2522 1517 2553 B
1533 2531 1619 2553 corr.
1636 2522 1726 2554 Flor.

127 2579 167 2609 31
185 2577 302 2609 Camb.
319 2578 371 2609 for
385 2578 550 2618 adempta.
740 2579 824 2611 1000
839 2580 1003 2610 missumst
1017 2576 1232 2615 Lactantius,
1248 2579 1383 2609 missum
1398 2582 1446 2609 est
1462 2577 1579 2609 Camb.
1596 2580 1659 2609 etc.
1676 2577 1730 2609 for

126 2635 254 2664 missus.
387 2632 470 2663 1001
493 2633 658 2664 rellatum.
698 2633 872 2673 sulyentia
893 2633 1050 2664 Lactant.
1080 2631 1161 2663 inst.
1185 2642 1236 2663 vu
1259 2633 1312 2663 12.
1453 2632 1537 2664 1002
1559 2641 1643 2663 mors
1664 2642 1724 2671 res,

125 2693 164 2718 ut
186 2687 272 2720 Mar.
298 2687 375 2718 Ald.
401 2688 418 2718 1
442 2687 537 2720 Junt.
565 2687 618 2719 for
639 2698 723 2720 mors
746 2692 785 2719 ut
806 2698 869 2720 res.
1048 2687 1131 2719 1004
1153 2689 1345 2727 coniunyit;
1377 2693 1408 2719 et
1431 2689 1496 2727 effit
1519 2692 1557 2718 ut
1584 2687 1648 2718 Ed.
1677 2687 1730 2718 for

126 2742 300 2780 coniunyit
316 2746 347 2772 et
362 2743 469 2781 efficit.
504 2743 718 2782 coniunyitur
732 2747 764 2774 et
770 2743 818 2783 fit
832 2742 939 2774 Lach.
956 2741 1032 2773 who
1049 2741 1112 2773 has
1129 2752 1149 2773 a
1165 2742 1229 2773 full
1245 2743 1323 2782 stop
1338 2744 1375 2773 at
1391 2743 1478 2773 ollis.
1518 2741 1603 2772 Mar.
1620 2741 1695 2772 Ald.
1710 2743 1727 2772 1

127 2795 225 2827 Junt.
249 2796 340 2836 vulg.
361 2795 447 2827 have
469 2801 507 2828 ut
527 2796 581 2828 for
601 2798 653 2828 ita
672 2797 711 2828 in
733 2797 834 2830 1005:
858 2807 896 2829 as
917 2807 963 2829 no
983 2796 1093 2829 editor
1113 2797 1227 2829 before
1247 2797 1345 2829 Wak.
1370 2796 1482 2828 would
1506 2796 1648 2828 tolerate
1670 2796 1728 2828 the

127 2848 294 2880 omission
309 2849 346 2880 of
365 2854 415 2880 ut.
584 2850 668 2883 1007
684 2851 797 2882 eadem
811 2851 938 2882 Avano.
955 2850 1007 2882 for
1023 2860 1146 2881 earum.
1309 2850 1521 2881 1010—1012
1537 2849 1643 2881 Lach.
1660 2849 1729 2881 and

127 2901 228 2934 Bern.
244 2902 328 2934 with
340 2896 390 2934 ¹all
410 2903 568 2943 previous
589 2904 713 2936 editors
734 2904 822 2936 have
837 2905 932 2945 quite
947 2904 1224 2936 misunderstood
1239 2904 1309 2937 this
1324 2913 1467 2945 passage
1483 2904 1520 2935 in
1536 2904 1646 2935 which
1667 2907 1727 2936 not

128 2966 149 2989 a
172 2955 272 2987 letter
297 2956 329 2988 is
348 2959 385 2988 to
409 2957 449 2988 be
473 2957 647 2997 changed:
672 2957 753 2998 they
767 2958 846 2990 take
869 2959 955 2999 quod
976 2959 1013 2990 to
1035 2957 1077 2990 be
1099 2957 1158 2990 the
1181 2958 1421 2998 conjunction3
1444 2957 1472 2990 it
1495 2957 1525 2989 is
1548 2958 1655 2999 really
1671 2959 1728 2991 the

242 3033 289 3062 M.
1587 3027 1613 3066 8
