1997 3267
222 208 306 248 224
1013 192 1052 233 V

335 317 420 344 non
449 301 578 342 nimis
609 299 784 341 incertis
817 298 926 340 fiunt
958 299 1003 340 in
1034 299 1232 355 partibus
1263 299 1376 340 anni.

336 385 521 426 namque
552 369 628 411 ubi
659 369 718 410 sic
750 369 925 409 fuerunt
957 383 1181 409 causarum
1212 368 1385 409 exordia
1414 368 1563 423 prima,

336 445 466 494 atque
496 438 559 478 ita
588 451 655 478 res
687 436 836 477 mundi
868 436 1056 477 cecidere
1089 436 1143 477 ab
1176 435 1340 491 origine
1378 436 1526 490 prima,

337 510 545 561 conseque
576 519 745 560 quoque
777 504 863 545 iam
894 503 1077 545 redeunt
1109 519 1162 545 ex
1194 503 1343 544 ordine
1375 509 1500 545 certo.

396 575 594 617 Crescere
625 573 816 627 itemque
847 571 938 613 dies
969 572 1070 613 licet
1101 578 1145 613 et
1176 572 1393 613 tabescere
1424 579 1582 623 noctes,
1737 575 1824 616 680

338 648 383 684 et
414 641 551 683 minui
581 641 706 688 luces,
738 655 836 681 cum
868 646 1041 680 sumant
1072 640 1277 695 augmina
1307 646 1464 691 noctes,
1846 626 1848 628 V

338 716 415 753 aut
447 710 547 766 quia
577 710 638 751 sol
670 709 784 750 idem
815 709 895 750 sub
927 715 1062 750 terras
1093 715 1223 764 atque
1254 724 1437 764 superne

339 779 574 835 imparibus
606 792 779 819 currens
810 777 1090 818 amfractibus
1120 777 1309 818 aetheris
1341 792 1433 818 oras

340 848 474 903 partit
506 852 550 888 et
581 846 626 887 in
656 845 791 901 partis
821 860 907 886 non
938 860 1096 900 aequas
1127 845 1282 886 dividit
1313 845 1470 895 orbem,

341 922 385 957 et
416 915 529 970 quod
561 914 614 955 ab
646 914 856 954 alterutra
885 913 1074 954 detraxit
1105 919 1240 968 parte,
1270 914 1439 968 reponit
1740 915 1822 968 685

341 984 434 1026 eius
464 984 509 1024 in
539 982 716 1023 adversa
747 987 870 1022 tanto
900 981 996 1036 plus
1027 986 1149 1036 parte
1181 981 1353 1030 relatus,

341 1053 474 1094 donec
505 1052 557 1092 ad
590 1051 634 1092 id
665 1050 836 1106 signum
868 1050 974 1091 caeli
1004 1050 1213 1105 pervenit,
1246 1049 1322 1091 ubi
1352 1049 1454 1090 anni

342 1122 479 1163 nodus
509 1126 738 1161 nocturnas
770 1124 982 1174 exaequat
1013 1119 1179 1160 lucibus
1210 1119 1394 1160 umbras.

343 1206 455 1240 nam,
486 1189 626 1230 medio
657 1203 783 1229 cursu
815 1188 943 1229 flatus
974 1187 1184 1242 aquilonis
1215 1194 1260 1229 et
1290 1187 1438 1237 austri,

343 1261 526 1302 distinet
556 1263 739 1313 aequato
770 1258 935 1298 caelum
967 1257 1212 1299 discrimine
1244 1265 1381 1299 metas
1743 1259 1830 1312 690

343 1335 519 1385 propter
549 1325 742 1382 signiferi
773 1325 1009 1380 posituram
1041 1325 1175 1366 totius
1207 1326 1330 1375 orbis,

344 1411 488 1438 annua
518 1395 579 1436 sol
611 1394 655 1435 in
687 1409 770 1448 quo
801 1393 1016 1435 concludit
1047 1399 1242 1449 tempora
1272 1408 1457 1449 serpens,

345 1465 517 1520 obliquo
548 1469 681 1504 terras
712 1467 756 1504 et
787 1462 952 1503 caelum
983 1462 1146 1503 lumine
1178 1462 1377 1513 lustrans,

346 1541 396 1576 ut
427 1533 535 1574 ratio
566 1532 754 1573 declarat
785 1546 932 1572 eorum
964 1531 1038 1586 qui
1069 1531 1160 1572 loca
1190 1531 1296 1572 caeli

347 1602 490 1644 onmia
520 1600 737 1656 dispositis
767 1599 901 1656 signis
932 1605 1081 1640 ornata
1111 1605 1327 1641 notarunt.
1745 1603 1826 1656 695

348 1677 423 1712 aut
455 1669 556 1725 quia
586 1668 761 1710 crassior
791 1673 856 1709 est
887 1668 1014 1709 certis
1046 1668 1090 1708 in
1121 1667 1317 1723 partibus
1346 1683 1429 1718 aer,

348 1739 428 1779 sub
459 1737 583 1779 terris
613 1737 708 1778 ideo
739 1736 973 1777 tremulum
1004 1736 1128 1777 iubar
1158 1736 1344 1777 haesitat
1376 1736 1486 1792 ignis

347 1823 425 1850 nec
455 1813 679 1863 penetrare
711 1811 853 1862 potest
885 1805 1006 1846 facile
1038 1811 1168 1860 atque
1200 1819 1418 1861 emergere
1449 1804 1503 1846 ad
1533 1810 1661 1846 ortus.

349 1882 575 1933 propterea
605 1881 750 1916 noctes
781 1874 959 1915 hiberno
991 1879 1183 1929 tempore
1215 1873 1366 1929 longae

350 1952 526 1995 cessant,
557 1946 660 1987 dum
693 1944 837 1986 veniat
868 1943 1083 1985 radiatum
1115 1943 1281 1999 insigne
1313 1943 1411 1985 diei.
1747 1953 1833 1996 700

350 2023 427 2058 aut
458 2015 600 2064 etiam,
632 2014 734 2069 quia
763 2013 822 2055 sic
853 2012 1028 2054 alternis
1058 2012 1253 2067 partibus
1284 2012 1386 2053 anni

351 2083 515 2125 tardius
546 2088 590 2124 et
621 2081 749 2123 citius
779 2085 1038 2122 consuerunt
1068 2080 1277 2121 confluere
1309 2080 1430 2135 ignes

354 2153 427 2207 qui
458 2151 622 2192 faciunt
653 2149 783 2190 solem
815 2154 932 2190 certa
962 2148 1188 2203 desurgere
1219 2153 1353 2203 parte,

354 2227 576 2277 propterea
606 2219 656 2260 fit
686 2218 753 2259 uti
783 2218 1011 2259 videantur
1040 2217 1178 2258 dicere
1210 2232 1359 2259 verum

241 2407 325 2438 Mar.
346 2405 418 2438 AM.
441 2406 458 2435 1
475 2405 495 2436 J
499 2408 572 2435 unt.
589 2404 664 2435 first
680 2404 733 2435 for
748 2404 918 2434 Flumina.
1092 2402 1155 2434 679
1173 2403 1340 2441 Consequ&
1355 2411 1480 2442 quoque
1496 2403 1564 2432 iam
1579 2403 1715 2434 redeunt
1727 2403 1843 2435 Lach.-

242 2461 294 2491 for
313 2460 515 2499 Conseqzciae
531 2467 658 2498 quoque
675 2459 741 2488 iam
757 2467 884 2488 rerum:
909 2465 929 2487 a
949 2454 1102 2486 brilliant
1123 2455 1353 2487 emendation.
1403 2457 1591 2496 Consequae
1612 2457 1631 2487 2
1653 2456 1728 2490 vat.
1753 2458 1828 2490 Ver.

242 2514 326 2545 Ven.
375 2514 545 2552 Consequa
567 2516 691 2542 natura
712 2515 760 2541 est
781 2511 849 2541 iam
865 2519 972 2541 rerum
988 2508 1078 2539 Flor.
1095 2510 1135 2539 31
1154 2508 1270 2539 Camb.
1288 2510 1307 2539 3
1324 2508 1401 2540 Vat.
1418 2508 1502 2540 Mar.
1520 2509 1610 2549 vulg.
1657 2511 1832 2551 Consequi-

244 2573 298 2599 tur
313 2576 440 2607 quoque
458 2567 525 2596 iam
541 2567 639 2596 series
655 2564 754 2595 Pont.
994 2562 1163 2595 689-693
1179 2562 1285 2594 Lach.
1302 2562 1366 2594 has
1383 2563 1474 2602 quite
1489 2563 1692 2604 causelessly
1707 2564 1834 2596 altered

244 2621 313 2652 this
329 2629 470 2660 passage
490 2618 526 2649 in
548 2627 653 2657 many
668 2617 801 2656 points:
827 2616 889 2649 690
911 2617 962 2647 for
983 2622 1083 2648 metas
1104 2615 1147 2647 he
1167 2616 1265 2647 reads
1286 2621 1411 2648 metans
1432 2626 1470 2647 as
1490 2616 1588 2648 Pont.
1610 2616 1722 2648 before
1742 2617 1832 2650 him:

244 2677 340 2716 [caeli
359 2675 444 2705 Mar.
462 2674 515 2704 for
534 2673 694 2711 caelzimz]
720 2672 781 2704 692
803 2671 872 2703 and
893 2671 954 2704 693
977 2671 1019 2702 he
1041 2671 1178 2708 inverts,
1202 2672 1264 2703 693
1285 2671 1336 2702 for
1357 2673 1488 2711 obliquo
1509 2671 1552 2702 he
1573 2671 1672 2703 reads
1694 2673 1832 2713 obliqui,

244 2729 378 2770 joining
393 2728 421 2759 it
436 2726 519 2757 with
535 2728 640 2758 orbis:
663 2725 706 2756 he
721 2725 789 2756 will
804 2727 865 2756 not
880 2725 966 2756 have
981 2735 1119 2765 serpens,
1135 2726 1278 2756 lustrans
1295 2724 1332 2755 in
1348 2724 1541 2764 apposition
1557 2734 1626 2765 any
1641 2735 1733 2757 more
1749 2726 1834 2758 than

246 2783 307 2814 524
333 2783 452 2816 euntis,
472 2781 663 2820 pascenti83
697 2788 734 2809 or
760 2788 794 2808 VI
821 2779 902 2809 1141
926 2780 1071 2815 veniens,
1096 2783 1196 2815 ortus,
1221 2778 1291 2809 and
1315 2778 1399 2810 1260
1426 2779 1593 2817 Zanyuens,
1621 2781 1833 2819 conveniens3

246 2834 375 2874 though
398 2832 550 2864 suchlike
572 2831 823 2863 constructions
845 2841 902 2862 are
923 2841 1080 2862 common
1102 2831 1139 2861 in
1157 2831 1256 2862 Lucr.
1279 2831 1346 2862 and
1367 2831 1403 2861 in
1425 2831 1569 2862 Cicero's
1585 2832 1708 2864 Aratea
1725 2833 1834 2864 which

246 2891 347 2921 Lucr.
364 2888 455 2919 often
472 2886 634 2917 imitateS.
771 2885 833 2917 692
857 2886 1022 2916 concludit
1038 2885 1144 2917 Lach.
1164 2885 1216 2916 for
1231 2886 1392 2916 contudit.
1438 2886 1612 2916 contundit
1630 2886 1722 2917 Mon.
1739 2886 1832 2918 Brix.

247 2944 336 2983 vulg.
472 2941 535 2974 700
557 2941 626 2972 diei
641 2938 731 2971 Nicc.
749 2939 802 2970 for
817 2940 897 2970 dici.
1037 2939 1099 2971 704
1123 2938 1149 2970 it
1166 2948 1275 2970 seems
1290 2941 1325 2969 to
1342 2948 1396 2969 me
1411 2938 1573 2970 manifest
1588 2938 1666 2970 that
1681 2939 1740 2971 the
1755 2942 1833 2980 poet
