1997 3267
220 166 297 206 188
990 159 1055 201 IV

328 268 499 317 credier,
531 282 583 309 ex
614 282 694 309 usu
726 281 835 322 quae
867 270 969 308 sunt
1000 265 1176 321 vitaque
1206 270 1390 320 reperta.

329 337 403 379 illa
434 336 607 392 quidem
639 350 828 378 seorsum
859 340 962 377 sunt
993 335 1136 376 omnia
1168 349 1276 390 quae
1307 334 1426 389 prius
1455 334 1549 390 ipsa

327 412 432 448 nata
462 406 616 448 dedere
647 420 749 447 suae
780 410 877 461 post
906 404 1110 446 notitiam
1141 403 1356 445 utilitatis.

328 489 412 530 quo
441 489 597 530 genere
628 474 674 515 in
704 473 854 529 primis
885 487 1033 514 sensus
1063 477 1108 514 et
1139 471 1331 513 membra
1363 471 1584 522 videmus;
1727 474 1808 525 855

326 557 457 598 quare
489 542 621 583 etiam
652 548 783 597 atque
815 541 948 582 etiam
979 540 1126 595 procul
1158 546 1223 581 est
1254 544 1304 580 ut
1335 539 1504 581 credere
1535 539 1668 594 possis

327 611 535 654 utilitatis
567 611 620 652 ob
652 611 838 652 officium
869 610 1060 666 potuisse
1092 608 1255 663 creari]

385 679 520 733 [Illud
550 679 657 720 item
689 693 774 719 non
806 683 872 719 est
902 677 1158 727 mirandum,
1189 676 1372 732 corporis
1402 676 1496 732 ipsa

325 747 440 803 quod
470 753 625 789 natura
656 747 800 788 cibum
832 747 1002 802 quaerit
1033 747 1241 801 cuiusque
1272 745 1515 787 animantis.

326 817 485 873 quippe
517 816 679 857 etenim
711 815 842 858 fluere
873 822 1004 871 atque
1035 815 1232 856 recedere
1263 829 1436 869 corpora
1466 814 1593 856 rebus
1725 815 1811 857 860

325 887 464 928 multa
494 886 630 927 modis
662 886 812 927 multis
843 885 980 935 docui,
1011 885 1084 926 sed
1115 884 1301 940 plurima
1332 884 1492 926 debent

325 970 377 996 ex
408 954 667 996 animalibu'.
730 969 836 1010 quae
866 954 968 1010 quia
999 959 1101 995 sunt
1133 953 1319 995 exercita
1349 958 1482 1003 motu,

325 1024 549 1079 multaque
581 1039 657 1079 per
688 1024 887 1065 sudorem
920 1038 971 1064 ex
1003 1023 1090 1064 alto
1121 1037 1265 1077 pressa
1295 1022 1501 1071 feruntur,

325 1093 465 1134 multa
496 1108 571 1148 per
601 1107 647 1134 os
679 1093 947 1143 exhalantur,
979 1107 1075 1133 cum
1107 1091 1311 1147 languida
1342 1091 1559 1141 anhelant,

325 1161 392 1203 his
422 1162 557 1217 igitur
586 1161 714 1203 rebus
745 1161 920 1203 rarescit
952 1175 1103 1216 corpus
1134 1166 1178 1201 et
1210 1160 1347 1201 onmis
1727 1161 1805 1212 865

324 1231 547 1272 subruitur
577 1236 755 1282 natura3
787 1230 904 1271 dolor
934 1244 1062 1285 quam
1095 1230 1370 1284 consequitur
1400 1243 1501 1271 rem.

324 1305 550 1355 propterea
581 1300 749 1355 capitur
779 1299 900 1340 cibus
931 1304 981 1340 ut
1012 1298 1229 1339 suffulciat
1260 1304 1378 1339 artus

325 1375 369 1410 et
399 1375 561 1410 recreet
593 1369 703 1410 vires
733 1368 977 1410 interdatus
1007 1373 1138 1423 atque
1170 1373 1393 1423 patentem

324 1452 400 1492 per
429 1437 622 1479 membra
652 1453 700 1478 ac
731 1452 860 1478 venas
892 1443 942 1478 ut
973 1452 1160 1478 amorem
1192 1442 1365 1492 opturet
1397 1435 1561 1477 edendi.

324 1521 447 1547 umor
477 1505 583 1547 item
615 1505 796 1547 discedit
827 1506 872 1546 in
903 1506 1047 1546 onmia
1077 1520 1186 1560 quae
1218 1505 1308 1546 loca
1337 1519 1520 1560 cumque
1726 1507 1811 1558 870

325 1580 507 1630 poscunt
537 1589 729 1616 umorem
745 1589 753 1625 3
784 1574 1106 1631 glomerataque
1138 1574 1276 1615 multa
1308 1573 1473 1628 vaporis

323 1658 506 1699 corpora,
539 1658 647 1699 quae
679 1644 897 1685 stomacho
927 1643 1134 1698 praebent
1166 1643 1362 1684 incendia
1393 1650 1549 1692 nostro,

323 1712 517 1767 dissupat
547 1712 779 1754 adveniens
810 1712 948 1768 liquor
978 1727 1026 1754 ac
1057 1711 1287 1767 restinguit
1318 1718 1368 1752 ut
1400 1711 1557 1767 ignem,

325 1795 447 1821 urere
479 1795 532 1822 ne
563 1780 697 1836 possit
728 1780 841 1821 calor
871 1780 1056 1835 amplius
1087 1780 1231 1822 aridus
1262 1786 1392 1821 artus.

324 1849 384 1890 sic
415 1849 551 1905 igitur
582 1849 663 1891 tibi
694 1849 849 1891 anhela
879 1849 973 1890 sitis
1004 1849 1057 1890 de
1088 1864 1259 1904 corpore
1290 1855 1434 1891 nostro
1727 1852 1804 1903 875

324 1918 527 1968 abluitur,
559 1918 618 1959 sic
650 1919 848 1974 expletur
878 1918 1023 1960 ieiuna
1054 1918 1238 1974 cupido]

383 1986 512 2028 Nunc
543 1987 617 2042 qui
648 1987 725 2027 fiat
757 1987 824 2028 uti
855 2001 1005 2041 passus
1035 1987 1221 2042 proferre
1252 2001 1471 2042 queamus,

324 2070 421 2097 cum
456 2056 661 2105 volumus,
697 2056 899 2111 varieque
930 2056 1082 2097 datum
1113 2055 1169 2097 sit
1200 2057 1392 2097 membra
1422 2071 1602 2107 movere,

325 2130 369 2165 et
400 2138 510 2179 quae
541 2138 608 2165 res
638 2129 811 2165 tantum
844 2124 922 2165 hoc
953 2123 1091 2164 oneris
1121 2124 1372 2179 protrudere
1403 2125 1538 2166 nostri

325 2192 509 2247 corporis
540 2192 733 2243 insuerit,
766 2192 930 2233 dicam:
964 2198 1012 2234 tu
1045 2192 1215 2248 percipe
1246 2193 1372 2235 dicta.
1724 2195 1808 2237 880

325 2259 417 2301 dico
448 2260 590 2301 animo
621 2265 764 2301 nostro
795 2260 984 2315 primum
1015 2260 1242 2301 simulacra
1272 2260 1444 2302 meandi

324 2327 514 2370 accidere
546 2334 676 2382 atque
708 2328 901 2369 animum
934 2328 1115 2383 pulsare,
1145 2334 1196 2370 ut
1226 2329 1414 2371 diximus
1444 2335 1556 2372 ante.

324 2396 423 2438 inde
456 2397 654 2438 voluntas
686 2397 758 2448 fit3
789 2412 928 2453 neque
961 2399 1074 2438 enim
1107 2398 1242 2439 facere
1273 2398 1425 2454 incipit
1457 2400 1588 2440 ullam

323 2480 413 2506 rem
445 2465 682 2521 quisquam,
713 2481 841 2521 quam
874 2481 994 2508 mens
1025 2467 1211 2521 providit
1242 2468 1346 2523 quid
1378 2469 1482 2510 velit
1512 2474 1624 2511 ante.

324 2533 369 2575 id
399 2535 511 2590 quod
542 2535 750 2590 providet,
780 2536 896 2577 illius
927 2536 989 2577 rei
1019 2542 1186 2577 constat
1217 2537 1368 2593 imago.
1723 2540 1802 2591 885

252 2647 316 2679 862
336 2657 421 2688 quae
443 2649 526 2688 quia
546 2647 652 2678 Lach.
676 2647 728 2679 for
749 2650 841 2688 quia.
888 2653 921 2680 et
942 2650 1024 2689 quia
1046 2649 1122 2680 Vat.
1141 2649 1224 2681 3276
1241 2648 1334 2680 Brix.
1351 2650 1451 2682 Pont.
1501 2650 1580 2681 haec
1601 2651 1685 2690 quia
1703 2649 1802 2684 Wak.

211 2701 272 2739 his,
290 2703 371 2742 quia
386 2701 462 2733 Ald.
481 2702 499 2732 1
516 2701 612 2733 Junt.
660 2703 711 2732 his
728 2712 811 2741 quae
829 2702 914 2733 Mar.
960 2704 1015 2739 iis,
1033 2713 1117 2742 quae
1133 2702 1254 2734 Lamb.
1409 2703 1472 2735 863
1490 2703 1559 2734 foll.
1575 2715 1582 2734 :
1607 2703 1650 2742 by
1666 2712 1686 2734 a
1701 2703 1808 2735 better

210 2754 369 2795 stopping
383 2755 401 2786 I
416 2755 501 2786 have
516 2754 616 2786 made
632 2754 690 2786 the
705 2765 847 2795 passage
865 2755 961 2795 quite
976 2756 1065 2787 clear
1080 2769 1087 2788 z
1110 2755 1168 2787 the
1185 2755 1343 2796 apodosis
1365 2756 1400 2787 of
1423 2755 1482 2787 the
1507 2759 1667 2788 sentence
1687 2756 1806 2797 begins

209 2809 292 2840 with
314 2811 383 2841 His
404 2811 519 2849 iyz'tur.
568 2810 673 2841 Lach.
701 2809 831 2841 inverts
856 2810 918 2842 863
942 2810 1011 2841 and
1034 2810 1108 2841 864.
1155 2810 1273 2850 Oomp.
1298 2810 1370 2842 203.
1511 2812 1573 2844 877
1589 2811 1659 2851 fiat
1683 2810 1801 2844 Gamb.

209 2862 300 2894 Brix.
319 2863 417 2896 Pont.
440 2864 522 2896 Mar.
543 2864 595 2895 for
603 2865 681 2904 flat.
814 2865 876 2897 878
899 2866 1056 2904 varieque
1074 2863 1149 2895 Ver.
1167 2863 1250 2896 Ven.
1268 2864 1353 2896 Mar.
1373 2864 1426 2896 for
1440 2874 1596 2905 vareque.

252 2917 315 2947 884
339 2919 514 2958 quisquam
536 2927 635 2958 quam
657 2916 750 2947 Brix.
776 2917 860 2948 Mar.
887 2917 938 2948 for
962 2918 1037 2957 quis
1061 2927 1166 2957 quam.
1346 2919 1410 2949 885
1432 2919 1475 2949 Id
1498 2919 1595 2959 quod.
1641 2920 1696 2956 At,
1720 2919 1808 2960 quod
