1997 3267
164 157 218 195 62
959 150 980 191 I

282 260 394 316 ignis
425 259 541 302 enim
574 259 681 300 foret
713 258 969 300 omnimodis
1000 257 1300 313 quodcumque
1331 262 1534 297 crearent.

281 345 442 379 verum,
475 334 524 370 ut
555 327 715 383 opinor,
747 327 874 369 itast:
915 332 1018 368 sunt
1048 325 1259 382 quaedam
1292 339 1465 380 corpora
1496 338 1676 381 quorum

281 412 509 440 concursus
540 404 683 438 motus
715 396 816 438 ordo
846 396 1040 452 positura
1070 395 1233 451 figurae
1686 395 1770 446 685

282 469 474 511 efficiunt
505 468 629 524 ignis,
660 472 915 521 mutatoque
948 465 1094 507 ordine
1127 470 1300 506 mutant

282 544 481 579 naturam
513 551 653 592 neque
685 541 787 577 sunt
817 535 909 591 igni
941 535 1143 576 simulata
1173 548 1313 589 neque
1343 532 1422 574 ulli

282 613 505 663 praeterea
534 606 596 647 rei
628 620 737 661 quae
769 619 943 660 corpora
973 604 1147 645 mittere
1178 603 1312 659 possit

283 677 478 719 sensibus
510 685 554 718 et
585 682 751 717 nostros
782 674 953 716 adiectu
985 679 1161 728 tangere
1192 679 1346 714 tactus.

342 746 496 788 Dicere
526 760 650 801 porro
681 744 825 800 ignem
856 757 924 784 res
954 741 1092 783 omnis
1123 756 1211 783 esse
1243 756 1382 796 neque
1416 740 1549 781 ullam
1688 741 1776 794 690

283 830 374 856 rem
405 829 549 856 veram
580 814 625 854 in
656 826 833 853 numero
864 826 1006 852 rerum
1039 817 1231 852 constare
1263 809 1345 851 nisi
1375 809 1532 865 ignem,

285 883 398 939 quod
430 882 531 924 facit
563 881 631 923 hic
661 881 788 930 idem,
819 879 1080 936 perdelirum
1113 893 1204 920 esse
1236 878 1418 920 videtur.

284 967 384 993 nam
417 958 564 993 contra
595 965 743 992 sensus
774 949 829 990 ab
860 948 1059 990 sensibus
1090 947 1183 1003 ipse
1213 952 1429 1003 repugnat

285 1028 330 1063 et
360 1020 592 1062 labefactat
624 1034 695 1061 eos
726 1018 840 1060 unde
872 1017 1016 1059 omnia
1046 1016 1209 1058 credita
1238 1016 1442 1071 pendent,

286 1090 400 1131 unde
432 1089 501 1130 hic
532 1088 730 1144 cognitus
762 1092 827 1128 est
859 1086 943 1142 ipsi
974 1100 1100 1141 quem
1133 1084 1328 1126 nominat
1360 1085 1527 1139 ignem;
1691 1085 1774 1137 695

286 1158 422 1201 credit
453 1157 568 1199 enim
600 1171 748 1198 sensus
779 1156 921 1212 ignem
955 1168 1206 1211 cognoscere
1239 1168 1351 1201 vere,

286 1235 429 1270 cetera
458 1242 543 1268 non
574 1226 722 1274 credit,
753 1239 862 1280 quae
893 1224 980 1265 nilo
1011 1223 1125 1265 clara
1154 1222 1297 1263 minus
1327 1228 1440 1263 sunt.

287 1296 400 1352 quod
430 1295 538 1336 mihi
569 1309 667 1336 cum
699 1308 857 1335 vanum
889 1299 984 1334 tum
1015 1292 1197 1333 delirum
1229 1305 1319 1333 esse
1353 1291 1549 1342 videtur3

288 1380 371 1421 quo
401 1364 634 1406 referemus
665 1364 811 1404 enim?
852 1362 956 1418 quid
986 1361 1108 1403 nobis
1139 1361 1297 1402 certius
1326 1360 1430 1416 ipsis

287 1434 483 1476 sensibus
515 1448 605 1475 esse
637 1439 793 1488 potest,
823 1432 898 1487 qui
930 1446 1032 1473 vera
1062 1446 1110 1472 ac
1142 1430 1246 1472 falsa
1277 1433 1508 1472 notemus?
1694 1440 1779 1483 700

288 1510 510 1560 praeterea
542 1518 673 1559 quare
705 1502 933 1558 quisquam
965 1501 1103 1557 magis
1134 1500 1277 1541 omnia
1308 1500 1434 1541 tollat

289 1579 333 1615 et
365 1573 470 1614 velit
500 1571 662 1613 ardoris
692 1578 891 1612 naturam
924 1571 1116 1626 linquere
1148 1570 1292 1618 solam,

289 1657 415 1699 quam
449 1648 580 1698 neget
612 1656 702 1683 esse
734 1641 858 1697 ignis,
889 1640 1053 1695 quidvis
1084 1646 1231 1680 tamen
1263 1653 1355 1680 esse
1386 1638 1632 1694 relinquat?

288 1726 425 1767 aequa
455 1711 627 1752 videtur
658 1711 772 1752 enim
804 1710 1023 1752 dementia
1054 1709 1193 1750 dicere
1224 1714 1466 1763 utrumque.

347 1780 620 1836 Quapropter
650 1779 726 1834 qui
757 1779 981 1820 materiem
1013 1793 1154 1820 rerum
1188 1793 1279 1819 esse
1311 1783 1522 1833 putarunt
1697 1787 1777 1832 705

289 1849 433 1905 ignem
465 1855 596 1904 atque
627 1863 679 1890 ex
711 1847 802 1903 igni
834 1861 1047 1888 summam
1080 1847 1308 1888 consistere
1341 1861 1472 1902 posse,

290 1924 334 1960 et
365 1918 440 1974 qui
471 1917 730 1973 principium
762 1916 995 1972 gignundis
1026 1931 1125 1957 aera
1155 1916 1282 1957 rebus

290 1986 563 2035 constituere,
594 1992 672 2026 aut
702 1999 896 2026 umorem
928 1984 1188 2039 quicumque
1219 1988 1432 2039 putarunt

290 2057 451 2113 fingere
482 2070 550 2097 res
581 2055 723 2111 ipsum
755 2069 831 2110 per
862 2069 917 2104 se,
950 2061 1162 2096 terramve
1193 2069 1336 2096 creare

291 2125 435 2166 omnia
465 2131 509 2166 et
539 2125 584 2166 in
616 2139 758 2166 rerum
790 2129 965 2164 naturas
997 2123 1156 2164 vertier
1186 2123 1334 2172 omnis,
1697 2132 1784 2177 710

291 2209 446 2250 magno
477 2209 603 2250 opere
634 2209 659 2234 a
689 2208 788 2234 vero
820 2193 945 2249 longe
977 2192 1166 2234 derrasse
1199 2191 1410 2233 videntur.

291 2264 399 2305 adde
432 2263 563 2305 etiam
595 2263 670 2318 qui
700 2262 1004 2318 conduplicant
1034 2261 1267 2317 primordia
1297 2275 1439 2302 rerum

291 2347 390 2373 aera
419 2331 649 2388 iungentes
680 2331 771 2387 igni
802 2338 1046 2385 terramque
1079 2329 1245 2384 liquori,

292 2408 336 2443 et
368 2400 442 2456 qui
473 2407 679 2456 quattuor
711 2415 762 2441 ex
794 2400 922 2441 rebus
952 2413 1074 2455 posse
1105 2398 1249 2439 omnia
1278 2404 1428 2439 rentur

292 2484 344 2511 ex
375 2469 467 2524 igni
498 2475 612 2510 terra
643 2474 773 2523 atque
804 2468 950 2509 anima
980 2481 1242 2523 procrescere
1275 2472 1318 2507 et
1350 2465 1486 2507 imbri.
1699 2476 1778 2519 715

292 2552 474 2593 quorum
505 2537 824 2592 Acragantinus
855 2551 952 2578 cum
983 2535 1133 2591 primis
1166 2534 1443 2590 Empedocles
1474 2539 1551 2584 est,

178 2657 290 2688 which
310 2656 416 2688 Lach.
433 2656 570 2688 retains.
617 2655 793 2686 Candidus
814 2657 850 2686 at
870 2654 937 2686 end
957 2654 995 2686 of
1013 2654 1108 2685 Junt.
1131 2654 1220 2685 ‘alio
1241 2663 1302 2693 pro
1324 2654 1389 2684 alii
1410 2651 1570 2693 positum.
1621 2655 1703 2684 sunt
1724 2653 1783 2693 qui

179 2713 251 2743 alia
267 2710 412 2751 legunt’,
429 2710 482 2742 i.e.
503 2710 589 2742 Mar.
683 2709 744 2740 683
761 2713 913 2740 crearent
928 2707 1047 2741 Lamb.
1066 2707 1142 2738 first
1158 2707 1210 2738 for
1225 2711 1361 2738 crearet.
1451 2706 1514 2738 690
1530 2707 1638 2746 iymm
1651 2706 1681 2737 B
1697 2716 1782 2739 corr.

179 2766 232 2797 for
250 2769 294 2806 iq.
311 2776 392 2797 nem.
526 2764 589 2797 703
606 2765 739 2804 quidvis
755 2762 861 2794 Lach.
907 2772 1065 2794 summam
1079 2762 1170 2794 Nico.
1188 2761 1259 2793 and
1273 2761 1318 2792 all
1334 2760 1447 2792 before
1458 2759 1564 2792 Lach.
1609 2760 1668 2791 AB
1685 2760 1781 2793 Gott.

179 2821 264 2851 omit
288 2820 346 2851 the
369 2818 472 2857 word,
497 2817 609 2849 which
632 2819 726 2848 must
748 2817 790 2848 be
811 2816 1003 2848 uncertain.
1180 2815 1242 2849 708
1260 2819 1426 2855 putarunt
1449 2814 1541 2845 Nice.
1565 2813 1594 2845 Β
1621 2823 1703 2847 corr.
1731 2815 1783 2846 for

176 2878 342 2914 putantur
356 2873 395 2910 B,
413 2874 442 2904 A
457 2882 554 2908 corr„
567 2876 691 2912 putant
707 2870 736 2901 A
751 2880 783 2911 p.
798 2880 845 2902 m.
979 2871 1042 2902 710
1058 2872 1180 2901 vertier
1194 2869 1222 2900 B
1240 2879 1325 2901 corr.
1342 2869 1434 2900 Nice.
1453 2868 1505 2900 for
1520 2870 1614 2900 verti.

246 2929 307 2961 711
326 2929 417 2967 lonye
434 2928 581 2958 derrasse
598 2926 675 2957 Vat.
693 2925 789 2964 3275,
809 2924 878 2957 and
893 2924 1010 2956 unless
1026 2925 1043 2956 Ι
1061 2934 1114 2956 err
1136 2924 1220 2956 1136
1240 2923 1375 2964 Othob.,
1396 2923 1448 2954 for
1469 2924 1559 2963 longi
1579 2924 1726 2955 derrasse
1748 2923 1784 2954 of
