1997 3267
203 219 283 260 150
947 204 1018 245 III

313 315 564 356 deerrarunt
594 313 753 369 passim
785 318 928 354 motus
959 312 1012 354 ab
1043 312 1238 354 sensibus
1269 326 1426 353 omnes.

313 383 442 425 debet
473 382 599 432 enim,
630 381 782 423 misere
814 381 850 423 si
881 381 989 422 forte
1020 394 1231 437 aegreque
1264 380 1511 429 futurumst,

313 453 404 507 ipse
435 465 603 507 quoque
635 465 724 491 esse
756 450 801 491 in
832 464 881 491 eo
913 455 1007 490 tum
1039 454 1244 504 tempore,
1275 448 1345 489 eui
1375 448 1485 490 male
1516 448 1651 504 possit

313 519 512 561 accidere.
555 519 600 560 id
631 518 833 574 quoniam
865 532 977 558 mors
1008 517 1172 566 eximit,
1204 531 1381 572 esseque
1412 517 1565 572 probet

201 592 284 641 864
314 589 437 630 illum
468 588 538 629 eui
567 587 732 643 possint
762 586 1030 628 incommoda
1061 586 1286 635 conciliari,
1717 588 1797 641 865

315 657 420 698 scire
450 656 550 697 lieet
581 655 703 697 nobis
734 655 794 695 nil
827 669 917 696 esse
948 655 993 696 in
1024 660 1161 697 morte
1193 655 1435 697 timendum

316 741 392 767 neo
424 725 627 766 miserum
658 725 750 765 fieri
782 724 856 780 qui
886 739 971 766 non
1003 730 1068 766 est
1098 740 1217 780 posse
1249 740 1389 780 neque
1421 724 1557 765 hilum

315 793 485 834 differre
516 807 626 833 anne
658 793 746 833 ullo
778 792 907 833 fuerit
938 792 1023 833 iam
1055 798 1247 848 tempore
1278 798 1419 842 natus,

314 862 539 903 mortalem
569 862 704 903 vitam
736 877 847 903 mors
878 877 976 903 cum
1007 862 1245 903 inmortalis
1276 862 1448 903 ademit.

372 931 554 973 Proinde
585 931 661 972 ubi
692 945 737 972 se
768 931 913 972 videas
945 931 1161 973 hominem
1192 931 1455 987 indignarier
1485 931 1639 986 ipsum,
1718 934 1804 986 870

314 1006 411 1055 post
442 1004 623 1040 mortem
656 999 742 1040 fore
773 1004 824 1040 ut
854 1005 932 1041 aut
962 1005 1160 1055 putescat
1191 1013 1361 1054 corpore
1393 1005 1515 1054 posto

314 1074 391 1110 aut
422 1069 604 1109 flammis
635 1068 827 1110 interfiat
859 1068 1034 1110 malisve
1066 1069 1264 1118 ferarum,

314 1135 419 1176 scire
451 1135 552 1176 licet
583 1149 667 1176 non
697 1134 910 1176 sincerum
943 1149 1090 1176 sonere
1121 1140 1252 1190 atque
1283 1135 1455 1176 subesse

314 1219 487 1246 caecum
519 1204 705 1259 aliquem
737 1204 851 1245 cordi
883 1204 1119 1254 stimulum,
1152 1203 1346 1259 quamvis
1376 1209 1507 1260 neget
1537 1203 1627 1260 ipse

315 1274 484 1315 credere
515 1288 560 1314 se
593 1288 851 1329 quemquam
884 1273 965 1314 sibi
996 1287 1169 1314 sensum
1199 1273 1244 1313 in
1278 1278 1412 1314 morte
1444 1273 1649 1314 futurum.
1717 1275 1797 1327 875

314 1357 410 1392 non,
442 1348 492 1383 ut
523 1342 680 1397 opinor,
712 1342 827 1383 enim
858 1341 932 1383 dat
963 1342 1076 1396 quod
1107 1341 1324 1397 promittit
1355 1346 1399 1382 et
1431 1342 1556 1392 unde,

314 1426 393 1452 nee
422 1411 627 1452 radicitus
658 1426 681 1452 e
712 1411 802 1451 vita
832 1425 876 1451 se
908 1410 1022 1451 tollit
1053 1415 1097 1451 et
1129 1409 1241 1458 eicit,

313 1480 388 1521 sed
419 1479 520 1521 facit
551 1494 640 1520 esse
672 1479 738 1520 sui
770 1478 973 1534 quiddam
1005 1493 1134 1534 super
1163 1478 1321 1519 inscius
1351 1478 1453 1534 ipse.

314 1549 437 1590 vivus
469 1548 583 1589 enim
614 1548 696 1589 sibi
727 1563 824 1589 oum
857 1548 1056 1603 proponit
1087 1547 1267 1602 quisque
1300 1547 1508 1598 futurum,

315 1631 466 1672 corpus
496 1617 563 1658 uti
593 1617 783 1658 volucres
814 1617 1000 1657 lacerent
1031 1615 1076 1656 in
1106 1622 1242 1656 morte
1275 1615 1484 1670 feraeque,
1717 1616 1804 1657 880

316 1686 406 1740 ipse
438 1685 504 1726 sui
534 1685 733 1736 miseret3
772 1699 912 1740 neque
944 1685 1059 1725 enim
1092 1699 1135 1725 se
1167 1683 1322 1725 dividit
1353 1683 1474 1733 illim,

314 1769 392 1795 nee
422 1760 612 1795 removet
644 1753 748 1795 satis
779 1768 804 1794 a
835 1753 1023 1808 proiecto
1054 1767 1225 1807 corpore
1257 1757 1301 1793 et
1332 1751 1456 1793 illum

315 1840 358 1866 se
391 1824 516 1881 fingit
547 1839 759 1879 sensuque
790 1838 868 1865 suo
899 1823 1163 1864 contaminat
1194 1827 1348 1863 astans.

315 1894 415 1935 hino
445 1894 697 1950 indignatur
727 1908 771 1934 se
803 1893 1028 1934 mortalem
1059 1906 1150 1933 esse
1181 1897 1373 1932 creatum

314 1978 392 2004 nee
422 1963 540 2004 videt
572 1963 617 2004 in
648 1977 748 2004 vera
777 1962 946 2002 nullum
979 1961 1065 2002 fore
1096 1966 1234 2001 morte
1265 1960 1399 2000 alium
1429 1972 1475 2002 se
1720 1961 1800 2012 885

316 2033 389 2087 qui
420 2033 553 2087 possit
584 2032 706 2073 vivus
738 2031 819 2072 sibi
851 2046 896 2072 se
928 2031 1075 2087 lugere
1106 2034 1380 2086 peremptum

317 2106 518 2156 stansque
549 2101 761 2142 iacentem
792 2115 834 2142 se
864 2099 1039 2141 lacerari
1070 2100 1189 2140 urive
1221 2100 1373 2141 dolere.

202 2251 245 2291 by
260 2250 365 2282 Lach.
382 2250 457 2282 who
474 2250 503 2282 is
519 2251 692 2291 naturally
709 2250 880 2291 surprised
894 2251 973 2282 that
990 2250 1017 2282 it
1033 2260 1101 2282 was
1116 2250 1178 2281 left
1195 2251 1247 2281 for
1261 2250 1335 2280 him
1351 2252 1386 2281 to
1403 2249 1458 2280 do.
1610 2247 1674 2280 862
1689 2249 1805 2282 misere

201 2307 231 2336 si
248 2306 348 2336 Pont.
366 2304 545 2336 Turnebus
561 2305 631 2336 and
645 2305 690 2337 Is.
711 2305 807 2336 Voss.
824 2304 861 2335 in
877 2314 942 2336 ms.
959 2307 1068 2343 notes,
1088 2304 1200 2335 before
1216 2303 1333 2340 Lach.,
1351 2303 1404 2334 for
1419 2304 1574 2335 miserest.

245 2360 309 2391 864
331 2370 415 2390 mors
438 2360 466 2390 B
490 2369 573 2390 corr.
602 2359 693 2390 Flor.
718 2360 758 2390 31
783 2359 835 2390 for
857 2370 942 2391 mox.
1081 2359 1197 2400 probet
1220 2358 1327 2390 Lach.
1369 2359 1523 2398 prohibet
1548 2357 1729 2389 Turnebus
1751 2353 1811 2390 for*

200 2416 349 2455 prohibe.
540 2415 602 2445 868
625 2415 769 2453 Differre
793 2424 877 2445 anne
901 2415 970 2445 ullo
993 2413 1059 2444 Ed.
1083 2413 1135 2444 for
1158 2414 1303 2453 Differre
1328 2413 1464 2443 annullo
1488 2413 1602 2443 anullo
1624 2411 1664 2449 A,
1689 2413 1804 2444 anullo

203 2469 317 2500 anullo
341 2468 381 2499 B.
449 2478 471 2499 a
491 2468 584 2498 nullo
607 2467 699 2499 Nico.
751 2470 819 2498 isne
841 2469 910 2499 ullo
933 2467 998 2498 Ed.
1022 2466 1060 2497 in
1085 2467 1184 2497 small
1215 2466 1266 2497 ed.
1311 2467 1456 2506 Dzjfferre
1480 2470 1557 2496 ante
1580 2466 1648 2496 ullo
1671 2464 1802 2505 Lach.;

203 2522 265 2554 but
288 2524 420 2563 differre
437 2523 546 2562 fuerit
569 2531 679 2553 seems
700 2524 761 2553 not
785 2526 819 2553 to
841 2522 881 2554 be
896 2521 1008 2553 Latin.
1054 2522 1198 2561 Dzjfferre
1222 2531 1267 2551 an
1287 2522 1378 2551 nullo
1402 2519 1438 2551 of
1458 2519 1558 2551 Pont.
1576 2520 1659 2551 Mar.
1684 2519 1760 2551 Ald.
1785 2519 1803 2550 1

204 2577 301 2608 «lunt.
325 2576 444 2608 Lamb.
473 2578 536 2607 etc.
560 2575 623 2607 has
646 2585 691 2606 no
715 2585 822 2607 sense.
962 2575 1024 2607 871
1042 2580 1196 2615 putescat
1219 2574 1346 2605 Avanc.
1371 2573 1470 2605 Wak.
1493 2572 1598 2604 Lach.
1623 2573 1676 2604 for
1692 2577 1803 2613 putes.

200 2635 369 2671 putrescat
391 2630 482 2662 Flor.
507 2630 547 2661 31
572 2630 670 2661 Pont.
699 2630 784 2661 Mar.
809 2630 906 2662 Junt.
929 2629 1047 2661 Lamb.
1071 2630 1162 2669 vulg.
1209 2629 1278 2662 Cic.
1305 2629 1346 2660 de
1369 2628 1429 2659 fin.
1453 2638 1474 2660 v
1497 2629 1538 2660 38
1561 2638 1600 2660 ne
1619 2629 1803 2668 putisceret

206 2685 349 2723 Nonius,
368 2689 572 2726 putresceret
594 2693 698 2715 mss.:
727 2684 768 2716 de
790 2686 862 2715 nat.
885 2684 974 2715 deor.
999 2693 1026 2714 11
1052 2683 1113 2714 160
1136 2693 1175 2714 ne
1194 2688 1380 2724 putesceret
1403 2692 1485 2714 mss.
1507 2681 1669 2723 speaking
1688 2681 1725 2713 of
1745 2681 1805 2713 the

206 2749 298 2770 same
322 2739 432 2778 thing.
575 2733 725 2771 873”n0n
747 2740 908 2770 sincerum
931 2738 1020 2769 Flor.
1048 2738 1088 2768 31
1114 2737 1233 2770 Camb.
1261 2737 1361 2768 Pont.
1388 2736 1473 2768 Mar.
1500 2736 1551 2767 for
1575 2746 1616 2767 no
1640 2737 1802 2767 sincerum

205 2794 244 2825 A.
269 2793 373 2830 Nice.‚
390 2804 446 2824 nos
469 2794 552 2825 sinc.
578 2793 618 2823 B.
750 2793 813 2823 880
838 2794 982 2824 lacerent
1004 2792 1096 2823 Nico.
1121 2792 1173 2823 for
1197 2793 1352 2823 iacerent.
1482 2790 1544 2822 881
1568 2791 1692 2821 dividit
1714 2791 1801 2822 illim

206 2847 243 2878 A.
292 2848 381 2878 vidit
393 2848 488 2878 illam
499 2846 538 2878 B.
585 2847 708 2877 dividit
718 2847 813 2877 illum
824 2846 916 2877 Nico.
962 2847 1088 2877 dividit
1103 2847 1206 2877 hilum
1221 2845 1311 2876 Flor.
1326 2845 1366 2876 31
1384 2844 1502 2876 Camb.
1520 2844 1604 2874 Mar.
1649 2845 1800 2875 vindicat

209 2902 312 2931 hilum
327 2901 445 2933 Lamb.
580 2900 642 2931 886
668 2900 733 2939 Qui
750 2899 839 2930 Flor.
857 2900 897 2930 31
915 2900 1007 2931 Mon.
1026 2900 1123 2931 Pont.
1144 2899 1219 2930 Ald.
1239 2900 1256 2929 1
1273 2899 1369 2931 Junt.
1390 2898 1442 2929 for
1460 2899 1535 2929 Cui.

250 2956 312 2987 887
336 2965 367 2986 se
383 2953 493 2986 added
507 2954 551 2994 by
565 2954 655 2987 Flor.
675 2954 716 2985 31
734 2953 851 2985 camb.
867 2953 993 2985 Avanc.
1039 2954 1147 2985 dolere
1164 2953 1256 2985 Mon.
1274 2963 1306 2994 p.
1323 2962 1368 2985 m.
1388 2952 1508 2983 Lamb.
1525 2951 1576 2983 for
1591 2952 1711 2985 dolore.
