1997 3267
883 168 945 209 VI
1624 171 1702 223 283

219 277 484 320 conveniunt
514 282 592 318 aut
623 276 665 317 in
699 275 842 317 taedai
873 289 1045 329 corpore
1078 274 1328 324 adhaerent,

216 347 445 388 ardescunt
478 346 599 387 facile
631 344 861 399 extemplo,
891 343 994 399 quia
1026 343 1166 384 multa
1199 358 1368 399 quoque
1401 343 1445 385 iu
1477 359 1520 386 se

217 415 382 457 semina
412 414 575 456 habent
606 413 718 470 ignis
749 419 931 468 stuppae
964 411 1203 467 taedaeque
1237 412 1426 453 latentis.

218 499 358 526 nonne
391 483 510 525 vides
541 482 685 531 etiam,
717 487 927 522 nocturna
957 482 1011 524 ad
1046 481 1211 522 lumina
1242 480 1377 521 linum
1622 493 1708 535 900

218 567 354 608 nuper
385 552 460 593 ubi
492 551 733 593 extinctum
764 549 1004 600 admoveas,
1035 549 1258 591 accendier
1287 557 1389 591 ante

218 636 348 678 quam
381 620 530 677 tetigit
562 620 791 668 flammam,
825 619 1082 675 taedamque
1115 618 1206 674 pari
1238 618 1436 660 ratione?

219 690 443 746 multaque
475 695 697 745 praeterea
728 689 846 744 prius
878 689 969 744 ipso
1001 695 1119 730 tacta
1150 702 1307 743 vapore

219 758 390 801 eminus
420 757 650 800 ardescunt
681 772 810 812 quam
843 756 1082 798 comminus
1114 756 1281 798 imbuat
1313 756 1434 812 ignis.

221 827 299 870 hoc
331 827 467 884 igitur
497 827 589 869 fieri
621 841 790 882 quoque
823 826 867 868 in
899 826 971 867 illo
1003 827 1119 868 fonte
1151 825 1448 882 putandumst.
1623 836 1704 879 905

278 895 404 948 Quod
435 900 644 951 superest,
679 909 805 950 agere
837 894 1040 950 incipiam
1073 908 1157 949 quo
1189 893 1356 935 foedere
1389 894 1463 934 fiat

220 971 413 1013 naturae,
444 964 552 1020 lapis
583 964 652 1006 hic
682 970 733 1005 ut
766 964 924 1005 ferrum
956 963 1110 1005 ducere
1142 963 1288 1018 possit,

220 1047 349 1089 quem
382 1033 590 1089 Magneta
621 1038 774 1074 vocant
806 1032 946 1088 patrio
977 1032 1030 1074 de
1063 1031 1234 1073 nomine
1267 1031 1380 1079 Grai,

222 1101 478 1158 Magnetum
511 1100 613 1157 quia
643 1101 693 1143 fit
725 1100 878 1157 patriis
910 1100 953 1141 in
986 1100 1145 1142 finibus
1176 1107 1304 1142 ortus.

223 1170 336 1212 hunc
368 1170 563 1212 homines
594 1169 781 1226 lapidem
816 1170 1049 1220 mirantur3
1091 1169 1251 1225 quippe
1282 1176 1477 1211 catenam
1629 1179 1714 1220 910

221 1254 348 1296 saepe
379 1254 432 1282 ex
463 1239 614 1281 anellis
644 1239 788 1281 reddit
818 1238 1109 1295 pendentibus
1140 1253 1193 1280 ex
1224 1253 1279 1280 se.

223 1308 414 1364 quinque
445 1308 607 1350 etenim
639 1308 741 1350 licet
771 1307 991 1350 interdum
1022 1308 1252 1363 pluresque
1284 1306 1426 1348 videre

223 1377 370 1420 ordine
401 1377 607 1420 demissos
639 1378 806 1420 levibus
837 1378 1035 1420 iactarier
1064 1377 1191 1427 auris,

222 1461 334 1488 unus
365 1447 440 1489 ubi
471 1462 522 1489 ex
555 1462 640 1489 uno
671 1446 888 1503 dependet
918 1452 1068 1503 supter
1097 1446 1334 1488 adhaerens

225 1533 275 1561 ex
308 1518 478 1574 alioque
510 1517 620 1559 alius
650 1517 806 1574 lapidis
836 1517 923 1558 vim
956 1517 1181 1572 vinclaque
1213 1517 1372 1558 noscit:
1630 1526 1710 1569 915

226 1603 364 1644 usque
395 1589 502 1630 adeo
532 1593 838 1644 permananter
869 1587 932 1628 vis
963 1586 1155 1643 pervolat
1187 1586 1290 1628 eius.

285 1658 382 1700 Hoc
411 1672 550 1714 genus
580 1657 625 1699 in
656 1657 786 1699 rebus
817 1656 1119 1698 firmandumst
1150 1655 1290 1697 multa
1321 1655 1439 1711 prius
1468 1669 1594 1710 quam

226 1727 362 1783 ipsius
392 1727 454 1768 rei
484 1726 695 1768 rationem
726 1725 904 1767 reddere
935 1724 1081 1781 possis,

230 1802 276 1838 et
306 1796 490 1838 nimium
521 1795 659 1852 longis
690 1794 945 1851 ambagibus
976 1799 1042 1836 est
1071 1793 1342 1845 adeundun1;

226 1879 311 1921 quo
342 1865 479 1921 magis
510 1869 702 1906 attentas
732 1863 848 1904 auris
878 1862 1158 1917 animumque
1189 1876 1372 1917 reposco.
1631 1871 1718 1914 920

285 1934 499 1990 Principio
530 1933 729 1976 omnibus
759 1932 814 1974 ab
845 1933 984 1982 rebus,
1015 1946 1306 1988 quascumque
1339 1929 1545 1978 videmus,

227 2009 437 2060 perpetuo
467 2003 600 2045 fluere
631 2017 680 2045 ac
712 2002 831 2044 mitti
862 2001 1091 2058 spargique
1121 2007 1334 2042 necessest

227 2088 401 2130 corpora
430 2088 541 2129 quae
572 2072 728 2114 feriant
759 2071 901 2113 oculos
932 2071 1158 2126 visumque
1189 2070 1410 2112 lacessant.

227 2148 522 2199 perpetuoque
553 2142 696 2184 fluunt
727 2141 855 2183 certis
884 2140 940 2182 ab
970 2139 1099 2182 rebus
1129 2139 1302 2191 odores3

228 2212 363 2269 frigus
394 2217 445 2254 ut
475 2226 503 2254 α
533 2211 687 2262 fluviis,
721 2211 834 2253 calor
863 2210 918 2252 ab
949 2210 1047 2261 sole,
1078 2215 1223 2251 aestus
1253 2210 1308 2251 ab
1340 2208 1466 2250 undis
1633 2216 1712 2260 925

229 2281 425 2337 aequoris
456 2295 604 2323 exesor
634 2294 874 2322 moerorum
906 2278 1033 2320 litora
1062 2285 1247 2334 propter.

228 2366 307 2393 nec
337 2351 445 2392 varii
475 2355 644 2392 cessant
674 2349 841 2391 sonitus
872 2363 1046 2390 manare
1076 2363 1152 2404 per
1182 2362 1319 2390 auras.

159 2458 221 2491 897
234 2462 295 2490 aut
310 2459 348 2490 in
364 2459 454 2489 tedaz'
467 2467 600 2499 corpore
613 2457 659 2488 Is.
674 2456 772 2488 Voss.
783 2455 821 2487 in
836 2465 900 2486 ms.
912 2457 1009 2486 notes
1021 2454 1074 2486 for
1087 2459 1147 2486 aut
1158 2455 1280 2485 indeda
1294 2463 1445 2493 corpora:
1468 2455 1505 2484 in
1516 2453 1606 2484 tedai
1620 2452 1717 2484 Pont.

114 2512 199 2545 alsa
245 2514 283 2545 in
299 2513 378 2544 teda
393 2522 466 2544 oum
480 2522 617 2552 corpora
635 2511 720 2542 Mar.
739 2520 766 2542 s.
783 2520 829 2541 m.
846 2510 920 2542 Ald.
944 2510 961 2540 1
978 2509 999 2540 J
1002 2511 1075 2541 unt.
1251 2509 1314 2541 898
1331 2509 1413 2549 quia
1429 2507 1521 2539 Flor.
1540 2507 1579 2539 31
1598 2507 1716 2538 Camb.

114 2568 200 2601 Mar.
221 2568 272 2600 for
289 2570 357 2609 qui.
512 2569 576 2601 899
593 2568 728 2599 latentis
745 2567 848 2598 Bern.
865 2566 918 2597 for
934 2570 1089 2597 tenentes.
1136 2566 1276 2605 tepentis
1292 2563 1395 2596 Lach.
1553 2563 1615 2596 907
1633 2565 1719 2604 lapis

116 2622 144 2653 B
160 2631 246 2653 corr.
262 2621 354 2653 Flor.
371 2622 412 2653 31
430 2621 550 2653 Camb.
567 2620 668 2652 Pont.
687 2620 771 2653 Mar.
793 2620 846 2651 for
862 2621 960 2660 lapsi.
1093 2618 1156 2651 908
1175 2618 1276 2657 Quem
1291 2618 1319 2648 B
1335 2627 1420 2649 corr.
1437 2616 1526 2648 Flor.
1545 2617 1584 2648 31
1602 2616 1718 2648 Camb.

119 2676 205 2708 Mar.
226 2676 279 2708 for
296 2677 413 2716 Quam.
572 2676 635 2708 909
643 2677 700 2716 fit.
746 2677 792 2707 sit
807 2675 900 2706 Nice.
917 2674 1008 2705 Flor.
1025 2674 1066 2705 31
1083 2674 1178 2705 Mon.
1193 2673 1281 2713 vulg.
1329 2676 1336 2690 ‘
1347 2682 1469 2713 parum
1484 2671 1608 2703 Latine
1619 2671 1626 2685 ³
1643 2681 1720 2712 says

116 2733 241 2766 Lach.:
266 2732 327 2764 but
342 2731 371 2763 it
386 2731 416 2762 is
431 2731 449 2762 I
464 2730 568 2762 think
583 2730 782 2768 defensible,
799 2741 837 2762 as
853 2730 970 2770 giving
988 2729 1077 2761 their
1095 2728 1232 2765 motivo,
1249 2729 1311 2759 not
1326 2727 1384 2759 the
1405 2727 1512 2768 poet's
1528 2726 1696 2758 inference
1711 2739 1719 2758 :

116 2795 226 2825 comp.
244 2793 288 2816 111
304 2784 368 2816 100
382 2784 606 2815 Harmoniam
623 2785 708 2815 Grai
724 2793 825 2824 qaam
839 2784 967 2821 dicunt,
986 2783 1073 2823 quod
1080 2782 1196 2822 faciat
1210 2791 1279 2813 nos.
1327 2785 1429 2812 ortus.
1474 2785 1549 2812 ortu
1563 2779 1668 2812 Lach.
1681 2789 1720 2812 as

116 2849 144 2871 11
161 2840 234 2871 387.
414 2837 477 2870 912
496 2837 651 2877 Quinque
667 2837 696 2868 B
712 2846 799 2868 corr.
815 2836 907 2868 Flor.
925 2837 966 2867 31
983 2835 1069 2867 Mar.
1086 2836 1139 2867 for
1157 2836 1223 2874 Qui
1239 2844 1352 2874 neque.
1488 2834 1551 2866 913
1567 2834 1720 2866 demissos

116 2892 239 2925 Lamb.
256 2891 331 2922 first
346 2891 400 2922 for
415 2891 563 2922 demisso.
696 2890 760 2923 916
770 2885 1007 2931 permananter
1022 2890 1114 2921 Flor.
1130 2889 1171 2920 31
1188 2888 1306 2920 Camb.
1325 2887 1410 2921 Mar.
1431 2890 1483 2918 for
1492 2892 1716 2928 permanater.

113 2948 267 2989 pervolat
283 2944 433 2976 Turneb.
450 2944 526 2976 adv.
544 2953 625 2975 xxvi
643 2944 695 2982 13,
711 2944 824 2975 Bentl.
841 2944 895 2975 for
906 2944 1068 2984 pervalet.
1324 2942 1400 2982 [925
1418 2946 1466 2972 ut.
1512 2943 1541 2973 it
1556 2941 1719 2973 Kannen-
