1997 3267
217 166 293 216 178
977 159 1040 200 IV

214 280 290 323 545
325 274 370 310 et
400 267 552 309 validis
583 265 705 322 cycni
735 265 999 307 torrentibus
1031 279 1081 306 ex
1116 263 1334 309 Heliconis

325 351 422 379 cum
453 335 661 391 liquidam
692 334 852 376 tollunt
883 332 1056 390 lugubri
1087 347 1187 374 voce
1219 332 1464 388 querellam.

384 404 526 445 Hasce
557 402 693 459 igitur
722 401 898 457 penitus
930 415 1053 442 voces
1083 415 1181 441 cum
1212 414 1383 455 corpore
1413 405 1557 441 nostro

324 471 602 528 exprimimus
632 475 833 526 rectoque
864 470 973 511 foras
1003 469 1242 512 emittimus
1272 483 1355 518 ore,
1725 476 1807 520 550

326 541 496 583 mobilis
527 540 728 582 articulat
759 539 985 581 verborum
1016 538 1195 580 daedala
1226 538 1373 594 lingua

214 622 295 665 550
325 611 643 664 formaturaque
675 608 889 650 labrorum
920 622 996 663 pro
1025 612 1148 663 parte
1179 607 1347 663 figurat.

214 691 294 734 553
328 681 406 722 hoc
436 679 512 721 ubi
542 694 628 720 non
659 678 834 733 longum
865 677 1097 733 spatiumst
1127 676 1241 717 unde
1273 690 1359 716 una
1388 674 1578 730 profecta

324 748 547 804 perveniat
578 762 658 788 vox
690 760 895 802 quaeque,
926 749 1140 786 necessest
1171 744 1301 786 verba
1332 758 1500 799 quoque
1530 743 1623 798 ipsa

323 818 449 873 plane
481 815 673 858 exaudiri
705 814 973 869 discernique
1003 813 1295 864 articulatim3
1724 819 1802 863 555

325 890 467 927 servat
498 884 613 925 enim
645 883 919 924 formaturam
953 886 1179 935 servatque
1210 880 1402 936 figuram.

323 959 369 996 at
400 953 436 995 si
466 951 769 1007 interpositum
800 950 989 1005 spatium
1021 949 1077 990 sit
1109 948 1277 1005 longius
1308 963 1456 1004 aequo,

325 1038 424 1065 aera
453 1037 530 1078 per
559 1021 747 1062 multum
778 1018 980 1061 confundi
1011 1018 1140 1060 verba
1170 1023 1384 1059 necessest

324 1095 369 1132 et
399 1088 646 1131 conturbari
676 1102 834 1138 vocem,
865 1086 968 1127 dum
1000 1085 1237 1127 transvolat
1267 1100 1400 1126 auras.

322 1173 423 1215 ergo
453 1158 514 1207 fit,
545 1157 735 1198 sonitum
766 1162 817 1197 ut
847 1155 981 1211 possis
1011 1155 1170 1196 sentire
1201 1169 1340 1210 neque
1371 1154 1488 1195 illam
1725 1154 1807 1206 560

321 1228 617 1276 internoscere,
651 1226 871 1267 verborum
902 1224 1117 1266 sententia
1147 1238 1256 1279 quae
1286 1223 1364 1265 sit:

322 1310 458 1351 usque
488 1295 593 1336 adeo
625 1295 799 1336 confusa
830 1293 951 1334 venit
981 1307 1062 1333 vox
1094 1292 1223 1346 inque
1255 1291 1410 1346 pedita.

321 1369 545 1420 praeterea
576 1363 754 1404 verbum
785 1376 911 1416 saepe
942 1375 1078 1401 unum
1110 1359 1271 1414 perciet
1301 1359 1416 1400 auris

325 1432 523 1474 omnibus
553 1431 598 1472 in
629 1430 797 1486 populo,
829 1429 1008 1470 missum
1038 1427 1257 1483 praeconis
1287 1427 1341 1468 ab
1373 1441 1454 1469 ore.

321 1502 368 1542 in
398 1501 557 1542 multas
588 1500 722 1554 igitur
752 1512 875 1540 voces
905 1512 985 1538 vox
1016 1512 1102 1538 una
1132 1502 1309 1552 repente
1725 1498 1802 1548 565

321 1569 509 1625 diffugit,
539 1569 584 1609 in
614 1568 759 1623 privas
791 1566 992 1622 quoniam
1024 1580 1068 1606 se
1098 1565 1253 1606 dividit
1283 1564 1398 1606 auris

321 1638 549 1694 obsignans
580 1637 757 1677 formam
789 1634 908 1676 verbi
938 1635 1184 1689 clarumque
1215 1648 1418 1675 sonorem.

322 1712 367 1748 at
398 1720 508 1761 quae
538 1719 636 1760 pars
669 1719 820 1745 vocum
852 1718 936 1744 non
967 1703 1082 1744 auris
1112 1702 1265 1744 incidit
1296 1703 1420 1757 ipsas,

321 1774 582 1830 praeterlata
612 1773 725 1828 perit
757 1773 916 1813 frustra
948 1771 1103 1812 diffusa
1133 1786 1209 1826 per
1240 1785 1374 1812 auras.

321 1858 419 1899 pars
450 1843 595 1884 solidis
624 1842 760 1883 adlisa
791 1842 892 1883 locis
923 1841 1083 1883 reiecta
1113 1854 1306 1882 sonorem
1724 1848 1806 1892 570

320 1912 464 1954 reddit
495 1918 539 1954 et
569 1911 787 1953 interdum
820 1911 1051 1952 frustratur
1081 1909 1270 1966 imagine
1302 1908 1430 1950 verbi.

321 1995 430 2036 quae
460 1980 569 2022 bene
601 1995 698 2021 cum
730 1980 886 2029 videas,
917 1979 1128 2020 rationem
1160 1977 1335 2020 reddere
1366 1977 1499 2032 possis

325 2054 420 2090 tute
451 2049 534 2091 tibi
564 2054 694 2104 atque
725 2047 831 2097 aliis,
863 2062 946 2103 quo
976 2052 1102 2102 pacto
1132 2061 1208 2102 per
1238 2046 1329 2087 loca
1358 2045 1446 2087 sola

205 2217 333 2256 mostly
350 2220 408 2248 too
427 2216 551 2248 absurd
574 2219 609 2248 to
632 2217 672 2248 be
695 2216 905 2248 mentioned.
951 2217 1175 2257 Berecynthia
1199 2217 1341 2247 barbara
1365 2214 1410 2245 Is.
1435 2214 1531 2246 Voss.
1556 2213 1593 2245 in
1615 2223 1681 2245 ms.
1705 2216 1804 2246 notes

208 2273 275 2305 and
291 2272 327 2303 in
345 2271 515 2303 Catullus:
540 2270 765 2310 Berecynthia
781 2279 906 2300 cornua
921 2269 1031 2300 Bentl.
1208 2269 1269 2301 547
1287 2270 1333 2299 Et
1348 2269 1474 2300 validis
1491 2269 1588 2309 cycni
1605 2268 1804 2300 torrentibus

208 2337 247 2358 ex
263 2326 436 2357 Heliconis
452 2324 496 2355 Is.
519 2324 616 2354 Voss.
634 2323 669 2353 in
686 2332 750 2353 ms.
767 2324 862 2353 notes
879 2322 931 2353 for
950 2324 998 2353 Et
1020 2323 1145 2353 validis
1167 2323 1254 2353 necti
1272 2323 1367 2352 tortis
1384 2331 1422 2352 ex
1438 2322 1610 2352 Heliconis
1626 2320 1664 2352 of
1676 2320 1722 2352 A:
1745 2320 1805 2352 the

207 2379 334 2412 middle
356 2378 464 2410 words
487 2378 524 2409 of
544 2376 613 2408 this
636 2377 715 2415 line,
743 2386 779 2407 as
799 2376 836 2407 of
856 2376 914 2408 the
933 2376 1122 2416 preceding,
1147 2386 1233 2407 were
1255 2375 1439 2407 mutilated
1460 2375 1504 2415 by
1526 2385 1618 2406 some
1639 2374 1802 2407 accident.

208 2437 254 2467 Et
267 2435 363 2475 cycni
375 2434 469 2464 tortis
486 2433 690 2463 convallibus
704 2430 809 2462 Lach.
847 2436 920 2462 nete
938 2432 1032 2462 tortis
1049 2431 1077 2460 A
1093 2440 1178 2461 corr.
1195 2431 1235 2461 B.
1323 2440 1398 2461 nece
1416 2431 1510 2461 tortis
1525 2429 1637 2462 Nicc.:
1661 2429 1768 2462 hence
1782 2439 1803 2462 a
1826 2419 1830 2422 Δ

208 2490 281 2520 vast
296 2486 425 2526 variety
441 2487 477 2517 of
491 2488 625 2525 strange
641 2485 810 2524 readings,
832 2484 916 2516 such
931 2494 970 2516 as
985 2486 1033 2516 Et
1047 2487 1099 2524 yel
1104 2486 1137 2516 id
1143 2486 1169 2515 is
1185 2485 1280 2526 cycni
1296 2489 1388 2515 noete
1405 2485 1472 2515 oris
1489 2483 1525 2515 of
1538 2484 1640 2515 Bern.
1740 2483 1804 2516 550

208 2544 386 2574 emittimus
409 2541 438 2572 A
461 2550 545 2572 corr.
570 2540 622 2571 for
645 2542 818 2571 mittimus.
951 2540 1012 2570 551
1036 2541 1206 2570 verborum
1228 2538 1349 2570 Lamb.
1374 2538 1426 2569 for
1447 2547 1628 2570 nervorum.
1740 2537 1802 2569 553

210 2598 298 2637 ‘lego
312 2607 393 2634 una,
410 2605 633 2635 unaquaeque
649 2605 713 2626 vox
729 2594 914 2634 perveniat.
932 2595 960 2625 B
971 2596 978 2609 ’
995 2594 1109 2625 Bentl.
1126 2594 1178 2625 for
1194 2595 1267 2625 illa.
1387 2593 1451 2625 560
1466 2594 1570 2625 illam.
1619 2594 1683 2624 illa
1698 2593 1798 2626 Pont.

207 2650 283 2682 Ald.
302 2651 319 2681 1
337 2650 434 2681 Junt.
481 2650 586 2680 hilum
601 2649 720 2680 Lamb.
738 2649 883 2680 without
899 2658 1008 2681 cause.
1197 2649 1258 2680 563
1274 2649 1417 2680 verbum.
1457 2649 1609 2688 peditum
1624 2647 1717 2679 Nice.
1735 2647 1803 2680 and

209 2705 253 2736 all
269 2705 355 2736 later
371 2714 452 2736 mss,
473 2703 543 2735 and
558 2703 652 2743 early
667 2703 752 2734 eds.:
777 2703 885 2734 hence
900 2704 1042 2734 edictum
1059 2703 1143 2734 Mar.
1161 2703 1236 2734 Ald.
1256 2703 1272 2732 1
1295 2702 1391 2733 Junt.
1409 2702 1515 2742 vulg.:
1535 2703 1688 2742 peditum
1708 2711 1802 2734 came

209 2759 296 2790 from
313 2758 372 2790 the
383 2759 502 2799 pedita
518 2758 553 2789 of
568 2758 631 2789 562
647 2758 806 2797 catching
823 2758 881 2789 the
898 2757 1058 2797 copyist's
1075 2767 1145 2797 eye.
1302 2757 1363 2789 567
1380 2757 1469 2788 verbi
1484 2755 1590 2787 Lach.
1608 2756 1660 2787 for
1675 2757 1799 2788 verbis:

207 2822 229 2844 a
245 2822 423 2852 necessary
439 2811 580 2851 change.
713 2812 775 2842 568
792 2813 884 2842 auris
901 2812 1035 2842 incidit.
1086 2813 1212 2842 ‘aureis
1229 2811 1366 2842 accidit.
1413 2809 1461 2841 sic
1477 2809 1624 2850 reposui,
1641 2819 1662 2842 a
1677 2809 1801 2842 Plauto

208 2866 242 2896 et
263 2864 382 2895 ceteris
402 2863 520 2895 Latini
541 2863 708 2894 sermonis
731 2863 927 2894 auctoribus
950 2862 1165 2893 admonitus'
1187 2861 1309 2893 Lamb.
1321 2874 1329 2900 ;
1354 2861 1421 2892 and
1441 2860 1546 2892 Lach.
1569 2859 1686 2894 thinks
1707 2860 1751 2893 he
1769 2862 1800 2894 is

210 2915 372 2956 probably
387 2914 489 2954 right,
506 2925 544 2946 as
560 2915 659 2946 Lucr.
676 2914 817 2946 himself
831 2925 851 2945 v
867 2915 929 2946 608
946 2924 1023 2946 uses
1039 2914 1098 2946 the
1115 2924 1208 2946 same
1225 2913 1470 2946 construction.
1641 2913 1704 2946 570
1721 2913 1800 2946 locis
