1997 3267
927 172 989 212 IV
1684 185 1756 227 171

284 277 422 318 lurida
453 282 672 332 praeterea
702 276 813 318 fiunt
844 291 1137 332 quaecumque
1167 284 1348 320 tuentur

283 346 462 400 arquati,
493 345 594 400 quia
625 346 775 386 luroris
806 344 858 386 de
888 360 1059 400 corpore
1091 361 1237 387 eorum

282 414 445 455 semina
474 414 611 454 multa
641 413 782 454 fluunt
813 413 1047 454 simulacris
1076 414 1201 455 obvia
1231 429 1387 464 rerum,

169 494 254 535 310
282 482 504 537 multaque
535 487 635 523 sunt
667 482 798 523 oculis
829 482 873 523 in
904 497 1050 523 eorum
1081 482 1264 538 donique
1296 483 1443 533 mixta,
1677 496 1726 537 33
1737 497 1754 537 5

281 565 390 606 quae
421 557 599 606 contage
630 566 707 592 sua
735 550 966 606 palloribus
997 551 1139 592 omnia
1170 551 1363 607 pingunt.

282 634 305 661 e
336 620 524 660 tenebris
553 626 700 660 autem
731 634 840 674 quae
871 624 973 660 sunt
1003 619 1048 660 in
1079 620 1172 660 luce
1205 627 1376 661 tuemur

279 694 505 743 propterea
534 688 646 743 quia,
677 702 775 729 cum
805 688 974 743 propior
1004 687 1199 743 caliginis
1229 703 1301 729 aer

280 761 372 797 ater
402 756 484 797 init
515 756 655 797 oculos
686 756 799 811 prior
829 761 873 796 et
904 756 1094 810 possedit
1126 762 1306 810 apertos,

166 834 245 877 315
280 824 522 879 insequitur
551 824 736 865 candens
767 824 988 865 confestim
1020 824 1185 865 lucidus
1215 839 1288 866 aer
1673 838 1757 879 340

277 892 352 947 qui
383 892 503 947 quasi
533 897 690 947 purgat
721 906 791 933 eos
821 906 869 932 ac
899 891 1042 947 nigras
1072 891 1249 932 discutit
1279 892 1451 933 umbras

277 960 386 1002 aeris
416 960 553 1011 illius3
593 975 692 1001 nam
723 960 873 1001 multis
903 960 1098 1014 partibus
1130 960 1198 1000 hic
1230 966 1295 1001 est

277 1029 472 1070 mobilior
502 1029 736 1084 multisque
767 1028 973 1069 minutior
1004 1034 1047 1069 et
1078 1043 1202 1084 mage
1232 1029 1403 1083 pollens.

277 1098 350 1153 qui
381 1098 508 1139 simul
539 1103 670 1152 atque
702 1097 790 1138 vias
822 1097 1038 1138 oculorum
1070 1097 1162 1138 luce
1193 1096 1372 1152 replevit

162 1176 247 1218 320
276 1172 406 1220 atque
437 1165 641 1220 patefecit
671 1179 777 1220 quas
807 1170 908 1205 ante
939 1164 1162 1206 obsederat
1196 1180 1268 1206 aer
1671 1177 1746 1218 345

276 1239 378 1284 ater,
408 1233 610 1274 continuo
641 1248 782 1274 rerum
814 1232 1041 1274 simulacra
1070 1240 1273 1274 secuntur

275 1316 383 1357 quae
413 1302 497 1343 sita
526 1307 627 1342 sunt
658 1301 704 1342 in
734 1301 840 1350 luce,
871 1301 1168 1357 lacessuntque
1199 1308 1248 1342 ut
1279 1300 1507 1343 videamus.

161 1374 242 1423 348
275 1370 387 1426 quod
417 1376 565 1411 contra
595 1370 730 1411 facere
762 1370 807 1410 in
838 1370 1027 1411 tenebris
1058 1384 1080 1411 e
1112 1370 1204 1411 luce
1234 1370 1460 1425 nequimus

273 1445 498 1494 propterea
527 1439 628 1494 quia
658 1438 865 1494 posterior
895 1438 1089 1494 caliginis
1120 1453 1191 1480 aer

272 1507 448 1549 crassior
477 1506 718 1561 insequitur
748 1507 822 1561 qui
852 1513 1007 1548 cuncta
1038 1507 1244 1547 foramina
1275 1507 1458 1562 complet
1669 1519 1689 1560 3
1698 1518 1752 1560 50

272 1575 513 1631 obsiditque
544 1575 634 1616 vias
664 1575 892 1624 oculorum,
922 1589 976 1616 ne
1007 1575 1232 1616 simulacra

271 1644 435 1699 possint
466 1644 648 1685 ullarum
680 1659 821 1684 rerum
853 1643 1044 1685 coniecta
1075 1659 1252 1685 movere.

271 1713 584 1768 quadratasque
615 1712 760 1767 procul
791 1712 922 1753 turris
953 1727 1049 1753 cum
1081 1713 1293 1754 cernimus
1324 1712 1451 1762 urbis,

270 1787 494 1837 propterea
524 1782 574 1823 fit
605 1782 670 1822 uti
701 1781 929 1822 videantur
959 1796 1084 1836 saepe
1114 1782 1342 1831 rutundae‚

270 1851 453 1906 angulus
483 1856 663 1905 optusus
693 1850 795 1905 quia
826 1850 950 1906 longe
982 1851 1171 1891 cernitur
1200 1851 1338 1891 omnis
1667 1863 1687 1904 3
1697 1861 1715 1904 5
1726 1862 1746 1903 5

270 1920 360 1962 sive
390 1921 521 1962 etiam
554 1920 695 1975 potius
727 1935 811 1961 non
843 1920 1032 1961 cernitur
1062 1935 1110 1961 ac
1142 1920 1254 1974 perit
1285 1920 1378 1962 eius

269 1989 395 2045 plaga
425 2004 503 2030 nec
533 1989 586 2029 ad
617 1994 782 2030 nostras
813 1989 925 2029 acies
955 1988 1194 2043 perlabitur
1225 1988 1348 2038 ictus,

268 2072 367 2099 aera
395 2072 471 2113 per
500 2058 687 2098 multum
719 2057 820 2112 quia
850 2057 954 2098 dum
985 2056 1213 2098 simulacra
1243 2058 1451 2107 feruntur,

268 2127 382 2183 cogit
413 2127 637 2168 hebescere
669 2142 766 2168 eum
799 2127 957 2168 crebris
989 2127 1220 2168 offensibus
1250 2142 1331 2169 aer.

267 2196 346 2238 hoc
376 2196 450 2238 ubi
481 2196 661 2252 suffugit
691 2211 863 2237 sensum
895 2197 1021 2238 simul
1053 2197 1236 2253 angulus
1267 2197 1415 2247 omnis,
1667 2199 1749 2250 360

265 2265 316 2307 fit
346 2265 466 2321 quasi
497 2270 547 2306 ut
577 2265 631 2306 ad
662 2270 834 2306 tornum
866 2280 1064 2306 saxorum
1095 2271 1261 2307 structa
1291 2271 1507 2316 terantur3

263 2348 350 2375 non
380 2339 525 2375 tamen
556 2339 608 2375 ut
638 2348 778 2375 coram
810 2345 920 2389 quae
951 2340 1054 2375 sunt
1084 2349 1268 2389 vereque
1299 2334 1498 2383 rutunda,

148 2451 240 2483 Nice.
259 2451 418 2492 Wrongly.
565 2452 628 2483 342
644 2453 698 2483 illi
703 2462 738 2483 us
754 2452 844 2483 Flor.
863 2453 902 2483 31
921 2451 1038 2483 Camb.
1055 2451 1132 2483 Ver.
1148 2452 1233 2483 Ven.
1251 2452 1337 2483 Mar.
1355 2452 1407 2483 for
1426 2453 1538 2483 ullius.
1685 2453 1746 2482 345

150 2506 212 2537 346
234 2516 290 2537 aer
312 2507 392 2537 Ater
413 2505 514 2537 Bern.
538 2505 591 2536 for
613 2507 704 2536 Ater.
762 2511 843 2543 acer,
868 2508 956 2537 Aera
978 2505 1083 2539 Lach.
1143 2511 1215 2537 ater
1240 2507 1404 2537 Continuo
1428 2516 1454 2538 r.
1481 2517 1504 2537 S.
1533 2506 1697 2545 adaperta
1719 2515 1745 2536 s.

147 2559 238 2591 Flor.
262 2560 303 2590 31
335 2559 450 2591 Camb.
481 2560 571 2599 vulg.
603 2559 748 2591 without
777 2560 947 2600 meaning.
1126 2560 1187 2591 351
1219 2571 1281 2600 que
1310 2562 1385 2591 vias
1414 2560 1443 2591 B
1475 2569 1558 2591 corr.
1589 2559 1680 2590 Flor.
1705 2559 1746 2590 31

148 2613 265 2645 Camb.
290 2613 375 2644 Mar.
401 2613 452 2643 for
475 2615 565 2653 quia.
711 2614 773 2644 352
796 2615 945 2645 coniecta
967 2613 1054 2645 Mar.
1079 2613 1154 2645 Ald.
1181 2615 1197 2644 1
1222 2614 1319 2645 Junt.
1344 2614 1397 2645 for
1422 2618 1579 2645 contecta.
1623 2623 1747 2644 ‘movere

146 2667 259 2698 Bentl.
274 2666 400 2707 rightly
416 2667 468 2698 for
483 2668 614 2700 moveri.
793 2668 856 2700 357
873 2669 960 2700 acies
976 2668 1069 2699 Nice.
1086 2668 1114 2698 B
1131 2678 1217 2699 corr.
1235 2668 1287 2699 for
1302 2673 1382 2699 ates.
1423 2669 1610 2708 perlabitur
1624 2666 1744 2698 Lamb.

146 2720 196 2753 ed.
223 2722 242 2752 3
261 2721 336 2752 first
357 2721 408 2752 for
429 2721 636 2759 deriabitur;
662 2721 751 2752 from
773 2721 886 2752 whom
908 2722 974 2753 Gif.
996 2721 1048 2753 ed.
1066 2722 1085 2752 2
1102 2722 1183 2753 took
1204 2722 1231 2753 it
1253 2722 1397 2754 without
1421 2720 1744 2761 acknowledgment.

145 2776 353 2806 derivabitur
375 2774 469 2807 Nice.
518 2776 686 2806 delabitur
708 2776 835 2806 Avanc.
880 2777 1037 2806 illabitur
1059 2776 1143 2808 Mar.
1172 2777 1191 2807 J
1196 2779 1269 2807 unt.
1315 2778 1488 2807 adlabitur
1509 2776 1628 2807 Lamb.
1653 2775 1703 2807 ed.
1726 2777 1744 2807 1

145 2828 214 2860 and
230 2829 261 2859 2.
307 2830 473 2860 arlabitur
488 2828 558 2859 Gif.
576 2828 627 2860 ed.
646 2829 676 2860 1.
795 2830 857 2861 361
875 2835 1004 2861 tornum
1019 2829 1109 2861 Flor.
1127 2830 1167 2860 31
1184 2831 1204 2860 2
1220 2830 1296 2862 Vat.
1316 2829 1410 2861 Brix.
1429 2830 1512 2861 Mar.
1534 2829 1586 2860 for
1602 2835 1744 2861 turnum.

146 2889 266 2915 tortum
281 2883 397 2915 Gamb.
436 2889 587 2915 terantur
601 2883 665 2915 Ed.
683 2884 736 2916 for
752 2889 900 2916 tuantur.
940 2890 1073 2916 tuamur
1087 2884 1204 2924 Lach.‚
1224 2885 1286 2916 but
1302 2887 1347 2916 ad
1365 2890 1492 2916 tornum
1506 2884 1571 2916 has
1584 2894 1630 2915 no
1646 2894 1745 2916 sense

145 2947 184 2968 or
205 2937 440 2969 construction
456 2937 539 2968 with
562 2942 699 2969 tuantur
720 2948 757 2970 or
775 2943 916 2977 tuamur,
937 2948 975 2969 as
990 2938 1110 2969 Lamb.
1128 2948 1206 2978 saw,
1224 2938 1300 2969 who
1321 2938 1417 2969 reads
1433 2943 1566 2970 tornata
1581 2943 1617 2969 ut
1633 2939 1685 2969 for
1699 2940 1743 2970 ad
