1997 3267
864 176 887 219 I
1645 188 1691 230 51

210 284 420 326 transire?
469 284 583 325 haud
617 284 704 325 ulla
735 283 827 325 fieri
859 284 1024 324 ratione
1056 283 1234 325 videres.

206 354 394 409 denique
425 369 500 395 cur
529 353 634 394 alias
665 352 760 394 aliis
791 358 1007 408 praestare
1040 352 1236 394 videmus

208 422 394 478 pondere
426 437 492 463 res
522 421 649 463 rebus
679 420 767 462 nilo
798 420 956 462 maiore
988 421 1159 477 figura?

208 507 306 532 nam
339 491 374 532 si
406 490 707 532 tantundemst
738 490 782 530 in
815 490 936 531 lanae
967 490 1155 546 glomere
1187 494 1399 545 quantum
1618 491 1699 543 360

207 560 393 616 corporis
425 561 469 601 in
501 560 677 615 plumbo
709 564 786 609 est,
820 560 1078 601 tantundem
1112 560 1297 615 pendere
1328 575 1405 615 par
1436 565 1513 609 est,

207 629 392 684 corporis
423 628 651 669 officiumst
683 627 884 683 quoniam
917 642 1109 683 premere
1140 627 1285 669 omnia
1315 627 1524 676 deorsum,

209 705 357 738 contra
387 702 533 738 autem
565 701 721 737 natura
752 702 899 737 manet
929 696 1020 737 sine
1053 696 1239 751 pondere
1271 696 1421 737 inanis.

209 780 309 822 ergo
341 765 452 821 quod
485 770 733 821 magnumst
763 780 898 820 aeque
932 765 1152 821 leviusque
1184 765 1368 816 videtur,

209 835 413 876 nimirum
444 834 542 890 plus
573 848 664 875 esse
696 833 778 875 sibi
809 834 998 875 declarat
1031 834 1193 887 inanis;
1617 835 1695 888 365

208 912 255 945 at
285 910 431 945 contra
460 903 633 960 gravius
664 903 759 959 plus
791 903 835 944 in
867 919 910 945 se
943 904 1126 959 corporis
1157 918 1248 945 esse

210 972 379 1014 dedicat
410 978 454 1014 et
487 972 624 1014 multo
657 973 779 1013 vacui
812 973 955 1013 minus
987 972 1105 1013 intus
1138 972 1302 1014 habere.

209 1047 275 1083 est
305 1041 440 1097 igitur
469 1041 675 1082 nimirum
707 1041 751 1082 id
783 1041 896 1096 quod
927 1041 1092 1082 rationo
1125 1040 1266 1096 sagaci

209 1111 465 1166 quaerimus,
495 1110 737 1151 admixtum
768 1110 908 1159 rebus,
939 1110 1053 1165 quod
1087 1109 1213 1151 inane
1246 1124 1454 1151 vocamus.

268 1179 383 1221 Illud
414 1179 459 1220 in
490 1179 556 1220 his
587 1179 714 1220 rebus
746 1194 799 1220 ne
831 1185 874 1220 te
906 1179 1116 1220 deducere
1149 1194 1246 1220 vcro
1619 1190 1703 1232 370

208 1249 353 1306 possit,
384 1249 496 1305 quod
528 1249 702 1304 quidam
734 1250 916 1305 fingunt,
947 1263 1216 1304 praecurrere
1248 1263 1382 1305 cogor.

211 1319 359 1361 cedere
390 1319 673 1375 squamigeris
705 1319 852 1361 latices
884 1319 1127 1361 nitentibus
1158 1319 1282 1360 aiunt

209 1394 256 1431 et
286 1388 470 1444 liquidas
501 1388 666 1444 aperire
699 1389 799 1437 vias,
832 1389 934 1444 quia
966 1395 1060 1444 post
1093 1388 1183 1430 loca
1214 1388 1352 1444 pisces

211 1458 420 1514 linquant,
453 1473 537 1513 quo
568 1458 732 1514 possint
764 1458 965 1500 cedentes
997 1458 1209 1499 confluere
1242 1457 1408 1509 undae3

211 1527 271 1569 sic
300 1527 406 1568 alias
437 1542 605 1582 quoque
637 1542 703 1568 res
734 1527 848 1568 inter
879 1542 922 1568 se
954 1542 1075 1582 posse
1108 1526 1268 1568 moveri
1621 1535 1699 1578 375

211 1605 256 1638 et
287 1602 456 1637 mutare
487 1596 638 1644 locum,
673 1596 869 1652 quamvis
900 1596 988 1637 sint
1020 1596 1163 1637 omnia
1194 1595 1331 1651 plena.

211 1665 373 1707 scilicet
404 1665 448 1706 id
480 1665 586 1706 falsa
617 1671 756 1707 totum
790 1665 955 1706 ratione
988 1671 1263 1720 receptumst.

211 1748 312 1775 nam
344 1748 428 1788 quo
460 1733 723 1790 squamigeri
755 1739 961 1789 poterunt
992 1733 1218 1789 procedere
1251 1733 1439 1783 tandem,

212 1801 258 1842 ni
289 1801 478 1856 spatium
510 1800 708 1842 dederint
740 1800 920 1842 latices?
963 1800 1192 1841 concedere
1223 1814 1346 1855 porro

213 1885 297 1926 quo
328 1875 533 1926 poterunt
564 1870 718 1919 undae,
748 1885 846 1911 cum
878 1870 1015 1925 pisces
1046 1870 1107 1911 ire
1137 1869 1417 1924 nequibunt?
1623 1869 1707 1922 380

214 1945 292 1981 aut
322 1939 457 1995 igitur
487 1947 608 1980 motu
641 1939 942 1994 privandumst
973 1954 1147 1994 corpora
1177 1953 1372 1994 quaeque

214 2014 291 2051 aut
323 2024 412 2050 esse
444 2009 687 2050 admixtum
719 2009 998 2050 dicundumst
1030 2009 1159 2050 rebus
1190 2009 1318 2050 inane

214 2077 329 2120 unde
360 2078 520 2119 initum
552 2079 740 2134 primum
772 2079 914 2133 capiat
945 2093 1012 2120 res
1045 2093 1241 2134 quaeque
1272 2077 1482 2120 movendi.

215 2154 429 2204 postremo
460 2148 545 2189 duo
577 2148 629 2189 de
661 2162 868 2190 concursu
900 2162 1077 2203 corpora
1111 2148 1200 2188 lata

215 2217 252 2260 si
282 2217 369 2259 cita
399 2217 624 2265 dissiliant,
656 2232 811 2272 nempe
843 2232 915 2259 aer
947 2232 1071 2258 omne
1104 2222 1330 2268 necessest,
1624 2219 1703 2269 385

215 2286 331 2329 inter
361 2302 534 2343 corpora
565 2287 678 2342 quod
709 2287 797 2336 fiat,
829 2287 1020 2343 possidat
1051 2287 1190 2329 inane.

215 2355 252 2397 is
282 2370 405 2411 porro
436 2355 633 2411 quamvis
664 2356 823 2397 circum
855 2356 1142 2398 celerantibus
1173 2355 1288 2398 auris

215 2425 415 2475 confluat,
445 2425 563 2466 haud
593 2426 753 2481 poterit
785 2431 932 2466 tamen
963 2440 1048 2466 uno
1080 2430 1272 2480 tempore
1304 2429 1447 2466 totum

216 2494 418 2550 compleri
449 2495 662 2550 spatium;
705 2510 805 2536 narn
838 2495 1025 2550 primum
1058 2509 1273 2550 quemque
1305 2499 1520 2535 necessest

216 2569 395 2619 occupet
425 2563 497 2605 ille
528 2563 681 2614 locum,
714 2563 869 2605 deinde
901 2563 1045 2604 onmia
1074 2563 1385 2619 possideantur.
1629 2573 1712 2614 390

102 2682 196 2715 Gott.
220 2682 274 2715 for
287 2684 370 2724 fieri
394 2683 481 2715 have
503 2685 654 2715 valerent
674 2683 785 2715 which
807 2693 951 2724 appears
971 2685 1008 2715 to
1029 2693 1125 2715 come
1144 2684 1233 2714 from
1254 2692 1343 2716 unm
1364 2683 1461 2715 twice
1483 2682 1618 2714 written
1642 2682 1710 2714 and

101 2746 239 2770 FIEREI:
270 2739 328 2777 yet
350 2738 504 2778 Bernays
527 2737 564 2768 in
588 2737 650 2769 356
669 2737 772 2779 'reads
796 2748 863 2778 qua
887 2747 1024 2777 corpora
1052 2747 1200 2777 quaeque
1228 2738 1379 2768 valerent
1405 2737 1458 2768 for
1485 2747 1552 2777 qua
1578 2742 1713 2777 possent

101 2802 128 2823 c.
149 2802 180 2832 q.
334 2791 398 2823 366
414 2794 458 2823 At
473 2791 564 2823 Flor.
581 2793 623 2824 30
639 2802 724 2824 corr.
743 2792 830 2834 (cod.
847 2792 956 2832 Nice.)
974 2792 1043 2824 and
1058 2792 1149 2825 Flor.
1169 2793 1210 2823 31
1227 2792 1280 2824 for
1301 2798 1370 2825 aut.
1531 2792 1593 2825 367
1613 2793 1712 2823 vacui

102 2847 209 2878 minus
231 2846 331 2879 Pont.
351 2846 448 2878 Junt.
464 2846 587 2878 Lamb.
604 2849 667 2878 etc.
684 2847 738 2879 for
757 2849 890 2879 vacuim
910 2848 1018 2879 minus
1037 2847 1078 2879 B.
1096 2847 1166 2879 and
1188 2847 1283 2879 Gott.
1329 2857 1470 2879 vacuum
1486 2846 1584 2879 Wak.
1604 2846 1709 2879 Lach.

103 2902 165 2932 etc.
182 2900 293 2932 retain
313 2900 396 2932 with
416 2901 456 2938 A,
473 2900 532 2932 the
554 2901 632 2933 Ital.
650 2901 720 2933 and
741 2902 860 2933 Gamb.
877 2911 959 2933 mss.
1114 2902 1179 2933 384
1200 2912 1361 2933 concursu
1382 2901 1477 2933 Gott.
1499 2911 1532 2941 p.
1549 2911 1594 2934 m.
1617 2902 1708 2934 Flor.

104 2956 145 2987 30
167 2965 251 2989 corr.
278 2956 331 2994 31,
355 2956 456 2989 Pont.
481 2956 567 2988 Mar.
592 2956 689 2988 Junt.
713 2957 766 2989 for
789 2967 956 2989 concurso.
1121 2958 1184 2990 389
1208 2967 1377 2998 quemque.
1435 2967 1584 2998 quenque
1609 2957 1712 2989 Pont.

1469 3025 1582 3063 4—‘2
