1997 3267
265 221 280 249 1
290 210 344 249 80
1023 207 1086 247 IV

326 370 328 372 v
373 318 593 368 praeterea
623 313 757 368 partis
787 313 832 353 in
865 318 1039 354 cunctas
1069 312 1277 353 dividitur
1306 327 1398 362 vox,

375 397 426 423 ex
457 382 550 423 aliis
581 382 689 422 aliae
721 381 919 436 quoniam
951 381 1199 436 gignuntur,
1230 380 1305 421 ubi
1336 395 1421 420 una

373 449 575 490 dissuluit
606 449 737 490 semel
767 449 812 489 in
843 449 1001 489 multas
1031 453 1187 496 exorta,
1220 448 1340 503 quasi
1371 447 1482 503 ignis
1763 447 1842 499 605

373 532 497 572 saepe
528 518 635 558 solet
667 517 848 558 scintilla
879 531 975 558 suos
1006 532 1049 558 50
1080 532 1276 572 spargere
1307 517 1352 557 in
1381 517 1501 572 ignis.

375 599 473 640 ergo
504 585 726 640 replentur
755 585 845 625 loca
875 584 1059 634 vocibus,
1089 585 1236 625 abdita
1265 590 1377 625 retro

373 653 516 694 omnia
547 668 655 708 quae
687 653 843 694 circum
876 653 1046 694 fervunt
1077 653 1304 708 sonituque
1336 653 1512 694 cientur.

372 727 418 762 at
449 721 674 762 simulacra
705 721 784 762 viis
814 721 997 762 derectis
1027 722 1169 762 omnia
1198 721 1384 762 tendunt

371 798 422 833 ut
453 797 554 833 sunt
586 791 715 832 missa
744 791 897 840 semel;
938 795 1196 844 quapropter
1226 804 1395 830 cernere
1426 803 1550 829 nemo
1761 789 1846 831 610

372 875 542 915 saepem
574 859 688 900 ultra
717 859 830 914 potis
861 864 937 908 est,
968 865 1014 900 at
1043 873 1164 900 voces
1195 859 1383 913 accipere
1415 864 1544 899 extra.

373 932 417 968 01
448 933 594 968 13111011
626 927 718 981 ipsa
749 940 916 981 quoque
948 926 1062 974 haec,
1095 926 1197 966 dum
1229 925 1383 966 transit
1414 925 1555 965 clausa
1585 924 1816 975 domorum,

372 1010 452 1036 vox
484 995 739 1049 optunditur
769 1000 898 1048 atque
929 994 1043 1034 auris
1074 994 1247 1034 confusa
1276 999 1474 1048 penetrat

372 1069 416 1105 et
448 1063 635 1104 sonitum
667 1063 810 1116 potius
840 1077 968 1117 quam
999 1062 1127 1103 verba
1157 1063 1304 1103 audire
1336 1063 1540 1104 videmur.

432 1133 536 1182 Nec,
567 1133 640 1187 qui
672 1132 880 1173 sentimus
910 1146 1071 1181 sucum,
1102 1131 1248 1187 lingua
1278 1136 1408 1185 atque
1435 1131 1630 1185 palatum
1761 1130 1841 1182 615

372 1200 613 1255 plusculum
645 1199 805 1240 habent
836 1199 878 1239 in
912 1214 955 1240 se
985 1199 1162 1240 rationis
1192 1199 1288 1253 plus
1319 1212 1525 1253 operaeve.

372 1268 580 1322 principio
611 1282 759 1308 sucum
792 1268 1000 1308 sentimus
1031 1267 1076 1306 in
1107 1281 1187 1315 ore,
1218 1265 1361 1306 cibum
1393 1280 1490 1306 cum

373 1335 612 1376 mandendo
644 1334 931 1389 exprimimus,
963 1349 1039 1375 ceu
1071 1334 1241 1388 plenam
1272 1333 1494 1388 spongiam
1525 1332 1651 1388 aquai

371 1404 504 1459 siquis
536 1405 644 1445 forte
675 1419 805 1444 manu
836 1418 1026 1458 premere
1057 1418 1105 1443 ac
1136 1403 1290 1444 siccare
1320 1402 1470 1457 coepit.

370 1472 469 1513 inde
502 1472 614 1526 quod
646 1471 922 1526 exprimimus
952 1485 1028 1525 per
1058 1471 1199 1511 caulas
1230 1485 1353 1511 omne
1384 1470 1518 1525 palati
1759 1470 1844 1511 620

371 1541 535 1582 diditur
565 1546 609 1581 et
639 1555 757 1580 rarae
788 1539 988 1594 perplexa
1019 1539 1225 1580 foramina
1256 1539 1438 1594 linguae.

372 1608 449 1649 hoc
480 1608 555 1649 ubi
586 1607 695 1648 levia
725 1612 827 1648 sunt
858 1606 1073 1647 manantis
1104 1621 1276 1661 corpora
1306 1606 1406 1655 suci,

372 1676 560 1717 suaviter
589 1677 814 1731 attingunt
846 1681 889 1716 et
920 1675 1108 1716 suaviter
1137 1674 1279 1715 omnia
1310 1679 1496 1715 tractant

371 1745 518 1785 umida
548 1744 711 1800 linguai
743 1744 900 1784 circum
931 1743 1131 1784 sudantia
1160 1743 1331 1798 templa.

371 1818 417 1852 at
448 1818 595 1852 contra
624 1816 825 1867 pungunt
856 1826 1027 1852 sensum
1058 1812 1328 1866 lacerantque
1359 1816 1510 1859 coorta,
1760 1810 1839 1861 625

371 1885 530 1935 quanto
562 1894 756 1934 quaeque
786 1878 920 1933 magis
951 1885 1051 1919 sunt
1082 1879 1312 1934 asperitate
1342 1878 1514 1934 repleta.

371 1948 525 1989 deinde
558 1947 754 2003 voluptas
785 1953 851 1988 est
881 1962 904 1988 e
935 1961 1034 1988 suco
1064 1947 1148 1988 fine
1179 1947 1335 2002 palati;

258 2082 340 2114 Mar.
362 2082 475 2113 Junt.:
501 2081 600 2112 Pont.
618 2083 715 2112 notes
730 2081 877 2112 videmus
893 2090 932 2111 as
948 2091 967 2112 a
985 2081 1139 2112 solecism
1156 2081 1209 2112 for
1224 2082 1388 2111 audimus.
1581 2080 1643 2112 604
1658 2082 1715 2112 ubi
1731 2091 1799 2112 una
1814 2081 1843 2112 B

257 2145 341 2166 corr.
358 2134 477 2166 Lamb.
498 2134 549 2165 for
565 2135 677 2165 ubina.
722 2135 779 2164 ubi
795 2144 872 2165 nam
887 2134 979 2164 Nico.
1134 2134 1195 2164 605
1211 2135 1381 2164 Dissuluit
1397 2133 1442 2163 B:
1468 2142 1521 2164 see
1533 2132 1761 2170 Plaut.‚miles
1779 2134 1842 2166 279

259 2189 327 2219 eds.
345 2187 478 2219 Ritschl
500 2187 568 2219 and
588 2187 794 2226 Fleckeisen,
813 2186 936 2218 Rhein.
953 2196 1041 2218 mus.
1060 2196 1095 2217 n.
1113 2187 1136 2217 f.
1153 2197 1217 2217 vm
1234 2197 1266 2226 p.
1283 2187 1357 2223 451,
1375 2187 1519 2218 Corssen
1536 2196 1548 2217 1
1564 2197 1596 2226 p.
1615 2187 1688 2218 314.
1734 2188 1842 2218 Dissi-

258 2243 323 2273 luit
338 2241 367 2272 A
382 2241 471 2281 vulg.
489 2240 594 2272 Lach.
736 2240 797 2271 608
807 2242 947 2280 fervunt
963 2239 1027 2271 Ed.
1048 2240 1100 2270 for
1110 2241 1250 2279 fuerunt
1266 2239 1482 2279 transposing
1498 2249 1562 2271 one
1577 2240 1689 2271 letter:
1717 2240 1838 2282 (Plaut.

257 2296 379 2327 Pseud.
396 2296 458 2327 840
475 2296 610 2335 servom*
626 2295 665 2332 A,
684 2296 819 2334 feerunt
836 2294 874 2332 Z,
891 2296 1025 2335 fervent
1042 2294 1163 2335 vulg.):
1186 2295 1317 2334 feriunt
1333 2294 1437 2325 113011.
1479 2295 1609 2334 fuerint
1625 2294 1709 2327 Mar.
1729 2294 1805 2326 Ald.
1825 2295 1842 2325 1

258 2350 354 2381 Junt.
371 2350 460 2388 vulg.
506 2351 639 2380 subsunt
655 2349 755 2380 Bern.
903 2348 963 2379 611
981 2350 1119 2388 Saepem
1135 2349 1226 2379 ultra
1241 2349 1344 2379 Bern.
1361 2348 1414 2378 for
1430 2349 1534 2388 Saepe
1550 2358 1661 2388 supra.
1708 2349 1844 2389 Saepem

257 2405 348 2435 intra
363 2402 466 2434 Lach.
514 2404 554 2433 Se
571 2413 671 2442 supra
687 2403 786 2433 Pont.
803 2403 877 2433 Ald.
896 2404 912 2433 1
930 2403 950 2433 J
953 2405 1025 2434 unt.
1045 2403 1134 2442 vulg.
1296 2403 1357 2434 612
1374 2404 1538 2434 domorum
1554 2402 1662 2434 added
1677 2402 1720 2442 by
1735 2401 1842 2435 Laoh.

256 2459 388 2488 viarum
404 2457 494 2488 Flor.
512 2457 552 2486 31
570 2456 686 2487 camb.
705 2457 791 2487 Mar.
808 2457 896 2496 vulg.
1058 2456 1119 2487 615
1136 2458 1203 2488 Nec
1221 2457 1305 2488 Mar.
1322 2457 1417 2488 Junt.
1438 2456 1551 2488 Bentl.
1568 2456 1672 2487 Lach.
1690 2457 1742 2488 for
1757 2458 1841 2488 Hoc.

257 2513 324 2551 qui.
373 2512 448 2551 quis
471 2510 506 2540 of
521 2510 605 2541 Mar.
627 2510 723 2541 Junt.
742 2519 780 2540 as
798 2510 903 2541 Lach.
921 2520 998 2550 says
1014 2510 1043 2540 is
1060 2513 1118 2540 not
1139 2520 1326 2550 necessary.
1373 2512 1466 2541 Haec
1488 2512 1561 2550 quis
1577 2511 1705 2542 Avanc.
1722 2510 1840 2542 Lamb.

258 2564 383 2596 Creech
398 2563 542 2594 without
559 2572 664 2594 sense.
796 2563 858 2593 616
869 2564 946 2603 plus
963 2573 1117 2602 operaeve
1133 2563 1239 2594 Lach.
1257 2563 1309 2594 for
1319 2565 1396 2603 plus
1413 2573 1522 2603 opere:
1546 2563 1653 2594 better
1668 2563 1754 2594 than
1765 2565 1842 2604 plus

257 2628 435 2659 operaeque
452 2627 489 2648 or
498 2618 575 2657 plus
591 2618 703 2656 operat
720 2626 757 2647 or
769 2618 908 2656 plusque
925 2619 1036 2656 operai
1054 2617 1090 2647 of
1104 2617 1228 2649 others.
1293 2617 1354 2649 619
1371 2627 1408 2648 ac
1425 2619 1546 2649 siccare
1563 2619 1680 2657 coepit.
1717 2619 1842 2650 siccare

256 2674 379 2712 recepit
395 2671 493 2709 Mar.‚
511 2673 651 2710 capessit
666 2670 765 2703 Pont.
803 2672 1028 2710 exsiccareque
1045 2672 1149 2711 coepit
1164 2671 1291 2702 Avanc.
1309 2670 1344 2701 in
1360 2670 1434 2701 Ald.
1454 2672 1471 2701 1
1486 2671 1605 2703 Lamb.
1625 2675 1704 2708 etc.;
1729 2671 1789 2703 but
1805 2673 1841 2703 at

257 2727 323 2760 end
340 2727 374 2758 of
390 2727 444 2757 his
461 2726 614 2757 Catullus
631 2725 757 2756 Avanc.
774 2725 892 2756 recalls
908 2725 978 2756 this
995 2725 1063 2756 and
1079 2735 1156 2765 says
1174 2730 1229 2756 ‘ac
1245 2727 1369 2756 siccare
1386 2728 1489 2766 abepit
1506 2735 1563 2764 per
1579 2725 1773 2757 diaeresin'.

300 2782 360 2812 621
374 2781 544 2821 perplexa.
592 2779 643 2810 ‘in
658 2779 778 2811 Faern.
798 2789 905 2818 neque
917 2781 1074 2819 perpleoea
1090 2789 1198 2818 neque
1216 2790 1278 2820 ‚per
1295 2781 1408 2819 plexa,
1426 2779 1484 2810 sed
1503 2789 1565 2819 per
1579 2779 1688 2819 flexa’
1705 2779 1837 2818 Lamb.,

257 2835 325 2867 and
342 2845 378 2865 so
395 2835 487 2866 Mon.
507 2833 633 2873 rightly
649 2834 811 2873 perhaps:
836 2834 887 2864 for
902 2834 1001 2864 Lucr.
1019 2834 1194 2865 elsewhere
1215 2835 1345 2874 applies
1365 2835 1524 2874 perplexa
1546 2833 1626 2873 only
1646 2835 1681 2864 10
1703 2821 1761 2864 1110
1783 2842 1839 2865 011-

257 2886 395 2926 tangled
411 2889 533 2923 atoms,
551 2895 652 2917 never
668 2888 703 2916 10
720 2885 777 2916 1110
794 2896 951 2925 passages
967 2887 1004 2916 of
1024 2886 1158 2926 things;
1183 2890 1238 2925 yet
1254 2886 1362 2925 Virgil
1378 2886 1440 2917 has
1452 2887 1644 2926 perplexum
1664 2887 1729 2916 iter
1750 2895 1840 2916 omne

255 2942 433 2973 revolvens.
544 2941 606 2972 622
623 2941 787 2971 manantis
804 2940 903 2971 Pont.
921 2940 1016 2971 Junt.
1035 2941 1086 2971 for
1101 2945 1283 2972 manantes.
1402 2941 1464 2972 624
1479 2941 1647 2971 sudantia.
1693 2939 1839 2970 sidentia
