1997 3267
209 223 288 253 110
958 206 1006 247 II

319 397 462 438 mollia
492 412 590 438 cum
623 395 796 437 faciunt.
858 410 958 436 narn
990 408 1137 435 sensus
1167 392 1365 448 iungitur
1395 391 1532 433 omnis

317 465 550 507 visceribus
581 464 722 506 nervis
754 463 884 512 venis,
917 477 1025 518 quae
1057 461 1211 516 cuique
1242 461 1437 502 videmus
1718 468 1802 514 905

318 534 464 576 mollia
494 533 664 575 mortali
695 532 924 574 consistere
955 545 1126 585 corpore
1158 536 1282 571 creta.

318 603 393 645 sed
423 609 569 644 tamen
601 607 692 644 esto
723 602 810 642 iam
841 614 961 656 posse
993 600 1097 640 haec
1129 603 1304 640 aeterna
1334 611 1533 639 manere:

316 687 470 727 nempe
505 678 648 713 tamen
679 670 839 712 debent
870 675 947 710 aut
977 683 1148 710 sensum
1179 667 1314 723 partis
1344 666 1501 708 habere

318 747 394 783 aut
424 741 554 782 simili
586 739 689 781 totis
720 738 977 780 animalibus
1008 752 1098 779 esse
1129 736 1283 792 putari.

319 817 365 852 at
396 815 613 865 nequeant
644 824 721 864 per
751 823 795 849 se
826 812 970 862 partes
1001 806 1159 847 sentire
1190 819 1361 846 necesse
1393 810 1481 855 est3
1721 813 1809 857 910

319 893 503 934 namque
535 878 618 919 alio
649 891 797 918 sensus
828 875 1118 917 membrorum
1150 874 1323 929 respicit
1354 873 1502 922 omnis,

320 963 399 989 nec
430 961 582 987 manus
613 961 639 986 a
669 944 791 986 nobis
822 943 934 999 potis
966 949 1030 985 est
1062 948 1225 984 secreta
1255 956 1394 997 neque
1425 940 1513 982 ulla

320 1016 503 1071 corporis
534 1013 706 1056 omnino
737 1027 908 1054 sensum
941 1027 1038 1067 pars
1068 1012 1156 1053 sola
1187 1017 1343 1052 tenere.

322 1084 533 1140 linquitur
562 1088 613 1124 ut
644 1081 748 1123 totis
778 1081 1072 1122 animantibus
1103 1080 1425 1121 adsimulentur.

207 1166 261 1207 92
269 1167 290 1207 3
323 1153 382 1194 sic
412 1152 565 1193 itidem
597 1165 705 1206 quae
737 1149 946 1191 sentimus
977 1148 1134 1190 sentire
1165 1152 1389 1197 necessest,
1723 1154 1806 1201 915

208 1232 289 1276 915
324 1220 446 1262 vitali
476 1226 527 1261 ut
558 1219 720 1275 possint
752 1218 990 1260 consentire
1021 1217 1212 1272 undique
1243 1231 1380 1258 sensu.

324 1290 398 1346 qui
428 1294 632 1345 poterunt
664 1288 798 1344 igitur
827 1302 969 1329 rerum
1002 1286 1233 1342 primordia
1263 1285 1347 1326 dici

325 1365 369 1401 et
400 1358 477 1399 leti
508 1358 644 1398 vitare
678 1357 777 1405 vias,
809 1356 1011 1397 animalia
1042 1370 1139 1396 cum
1171 1355 1269 1404 sint,

324 1427 462 1482 adque
493 1425 696 1467 animalia
725 1426 810 1466 sint
840 1424 1093 1465 mortalibus
1124 1438 1210 1464 una
1241 1422 1511 1477 eademque?

325 1497 438 1552 quod
468 1502 615 1537 tamen
645 1500 695 1536 ut
726 1494 901 1549 possint,
932 1498 977 1534 at
1008 1498 1131 1534 coetu
1164 1492 1424 1547 concilioque
1725 1503 1813 1544 920

213 1577 299 1620 920
329 1565 389 1606 nil
421 1564 578 1606 facient
609 1569 780 1619 praeter
811 1562 984 1617 volgum
1016 1561 1274 1616 turbamque
1304 1560 1589 1610 animantum,

326 1634 487 1675 scilicet
518 1638 568 1674 ut
598 1636 815 1686 nequeant
846 1630 1038 1671 homines
1068 1635 1263 1670 armenta
1292 1629 1489 1684 feraeque

326 1703 440 1743 inter
470 1715 559 1742 sese
591 1700 723 1741 ullam
754 1714 844 1740 rein
875 1698 1051 1754 gignere
1083 1697 1387 1739 conveniundo.

214 1785 300 1826 924
331 1771 444 1828 quod
474 1770 510 1812 si
541 1770 649 1810 forte
681 1784 807 1809 suum
838 1767 1069 1808 dimittunt
1101 1781 1272 1822 corpore
1303 1781 1475 1807 sensum

328 1847 459 1896 atque
490 1840 620 1881 alium
654 1838 842 1894 capiunt,
875 1838 977 1893 quid
1009 1852 1114 1893 opus
1147 1837 1229 1878 fuit
1260 1837 1450 1878 adtribui
1480 1837 1525 1878 id
1557 1838 1670 1893 quod
1729 1847 1810 1891 925

328 1910 604 1953 detrahitur?
646 1914 739 1950 tum
771 1914 1004 1964 praeterea,
1036 1923 1119 1963 quo
1151 1907 1341 1963 fugimus
1371 1912 1486 1957 ante,

329 1985 542 2036 quatenus
573 1978 618 2018 in
649 1977 787 2032 pullos
817 1976 1015 2018 animalis
1046 1976 1202 2018 vertier
1233 1990 1312 2017 ova

329 2047 541 2089 cernimus
571 2045 757 2086 alituum
789 2044 1028 2099 vermisque
1060 2045 1272 2094 effervere,
1305 2050 1462 2085 terram

329 2115 656 2170 intempestivos
687 2129 815 2169 quom
846 2119 975 2169 putor
1005 2114 1120 2169 cepit
1151 2114 1204 2155 ob
1235 2113 1395 2164 imbris,

330 2184 434 2226 scire
465 2183 565 2224 licet
595 2182 717 2239 gigni
747 2197 867 2237 posse
898 2197 949 2223 ex
981 2197 1066 2223 non
1097 2182 1281 2223 sensibu'
1311 2196 1470 2225 sensus.
1729 2194 1816 2237 930

388 2252 514 2304 Quod
544 2252 580 2293 si
611 2252 720 2293 forte
750 2251 905 2307 aliquis
936 2251 1051 2292 dicet
1081 2251 1310 2292 dumtaxat
1340 2250 1439 2292 oriri

260 2419 322 2453 905
339 2420 454 2460 cuique
471 2419 535 2450 Ed.
554 2419 605 2450 for
620 2429 767 2459 eumque.
812 2424 933 2450 cuneta
948 2417 1054 2450 Lach.
1231 2418 1293 2450 909
1309 2418 1414 2448 simili
1430 2416 1534 2450 Lach.
1553 2417 1608 2449 for
1622 2417 1757 2449 similis.

260 2476 322 2508 910
345 2476 390 2506 At
412 2474 498 2505 Mar.
522 2474 619 2505 Junt.
644 2473 696 2504 for
719 2475 798 2504 Aut.
935 2473 997 2505 911
1022 2474 1091 2503 alio
1113 2471 1219 2504 Lach.
1244 2472 1298 2503 for
1320 2473 1415 2509 alios,
1439 2473 1576 2512 respicit
1599 2472 1651 2503 for
1672 2474 1811 2513 respuit.

217 2531 305 2561 Nam
326 2531 415 2562 ratio
438 2530 539 2560 Bern.
565 2529 618 2560 for
641 2529 792 2569 Namque
816 2530 910 2567 alios,
935 2528 1104 2567 retaining
1127 2529 1262 2568 respuit.
1437 2527 1499 2560 915
1524 2526 1613 2569 (923)
1660 2526 1678 2557 Ι
1700 2527 1816 2559 follow

217 2585 318 2616 Bern.
335 2584 372 2616 in
388 2584 524 2625 placing
540 2584 611 2615 this
627 2593 721 2615 verse
736 2584 826 2624 here,
847 2583 961 2615 rather
977 2582 1063 2615 than
1080 2583 1185 2614 Lach.
1202 2582 1278 2614 who
1294 2583 1410 2614 makes
1426 2582 1454 2614 it
1469 2582 1583 2614 follow
1598 2582 1661 2615 916
1678 2582 1780 2624 (915).

261 2639 323 2671 919
346 2639 512 2670 animalia
533 2639 602 2670 sint
623 2637 728 2669 Lach.
753 2638 806 2669 for
829 2639 1049 2669 animalibus:
1074 2646 1183 2676 comp.
1207 2637 1270 2668 458
1294 2637 1363 2668 and
1385 2646 1421 2667 Π
1443 2637 1504 2668 81:
1527 2637 1596 2668 sint
1615 2646 1684 2668 was
1706 2636 1816 2669 added

217 2692 262 2733 by
286 2692 371 2724 Mar.
396 2692 464 2724 and
486 2691 583 2724 Junt.
719 2692 783 2724 920
806 2696 843 2722 at
860 2696 954 2722 coetu
977 2691 1071 2722 Mon.
1095 2690 1197 2722 Lach.
1227 2690 1279 2722 for
1302 2691 1343 2721 ab
1365 2695 1485 2722 eorem.
1533 2691 1576 2721 ab
1599 2695 1691 2722 coetu
1715 2690 1813 2723 Junt.

218 2752 370 2778 concretu
392 2745 541 2777 Politian
563 2745 601 2776 in
624 2754 730 2785 marg.
755 2745 846 2776 Flor.
872 2746 923 2777 29.
1108 2745 1170 2777 922
1193 2749 1369 2784 nequeant.
1416 2749 1580 2784 nequeunt
1603 2743 1672 2775 Gis.
1695 2744 1810 2777 Bentl.

219 2799 323 2831 Lach.
336 2813 343 2832 ε
366 2800 427 2831 but
442 2799 500 2832 the
516 2799 681 2840 potential
696 2799 726 2830 is
740 2798 777 2830 in
792 2799 900 2839 place.
1062 2799 1124 2831 926
1141 2809 1204 2839 quo
1213 2799 1363 2839 fugimus
1380 2798 1476 2830 Wak.
1497 2798 1551 2829 for
1566 2800 1654 2838 quod
1660 2799 1815 2838 fuyimus

218 2855 328 2886 which
344 2854 448 2886 Lach.
466 2854 502 2886 in
518 2854 600 2886 vain
616 2853 772 2886 defends:
797 2854 856 2885 the
871 2856 952 2894 poet
967 2853 1071 2884 refers
1087 2856 1122 2885 to
1138 2854 1202 2886 870
1217 2863 1302 2893 sqq„
1318 2855 1380 2885 not
1395 2856 1431 2884 to
1453 2854 1527 2885 886.
1573 2854 1660 2893 quod
1675 2855 1815 2885 vicimus

219 2908 282 2939 Ed.
309 2908 345 2939 in
369 2908 469 2939 small
491 2908 543 2940 ed.
675 2909 738 2940 928
761 2908 924 2948 effervere,
951 2913 1072 2938 terram
1093 2909 1342 2948 Intempestivos
1367 2917 1461 2947 quom
1487 2907 1582 2949 (cum)
1602 2912 1704 2947 putor
1726 2909 1814 2947 cepit

220 2962 305 2994 Mar.
329 2963 381 2994 for
403 2965 557 3004 offervere
585 2968 608 2994 t.
639 2964 891 3004 Intempestivus
916 2972 1014 3003 quam
1031 2972 1068 3003 p.
1096 2964 1183 3003 cepit
1206 2962 1245 3001 A,
1272 2963 1378 3002 coepit
1399 2962 1441 2994 B.
1544 2963 1697 3002 effervere
1720 2962 1814 2994 Nico.
