1997 3267
200 190 276 241 138
942 185 1014 225 111

306 294 465 344 turbat,
496 307 627 350 agens
656 292 844 334 animam
875 297 1058 346 spumat,
1088 290 1211 346 quasi
1241 290 1287 331 in
1317 305 1499 345 aequore
1530 291 1637 332 salso

306 368 530 404 ventorum
561 361 713 402 validis
745 361 985 401 fervescunt
1016 359 1179 401 viribus
1211 358 1362 401 undae.

306 431 561 487 exprimitur
590 445 712 486 porro
743 429 942 485 gemitus,
973 428 1074 484 quia
1104 429 1297 470 membra
1328 429 1470 470 dolore
1698 437 1782 481 495

306 500 566 542 adficiuntur
597 504 640 541 et
671 498 843 540 omnino
874 498 987 553 quod
1017 498 1180 539 semina
1211 497 1324 538 vocis

307 569 522 610 eiciuntur
552 573 596 608 et
627 581 697 608 ore
729 567 837 607 foras
866 566 1103 622 glomerata
1134 566 1330 607 feruntur

307 652 391 692 qua
421 636 543 692 quasi
573 641 831 677 consuerunt
861 641 906 676 et
937 641 1039 677 sunt
1069 635 1238 676 munita
1267 635 1362 676 viai.

306 705 564 760 desipientia
594 704 656 754 fit,
687 703 787 759 quia
817 703 881 744 vis
912 703 1044 744 animi
1076 709 1205 758 atque
1237 702 1397 744 animai

307 774 588 816 conturbatur
618 778 674 823 et,
704 778 754 813 ut
784 772 919 821 docui,
951 772 1090 813 divisa
1120 786 1310 813 seorsum
1708 778 1791 824 500

308 842 561 883 disiectatur
591 841 739 882 eodem
770 840 843 881 illo
877 840 1082 881 distracta
1112 854 1285 881 veneno.

307 911 407 952 inde
438 911 513 952 ubi
543 910 629 951 iam
661 909 797 950 morbi
826 909 994 950 reflexit
1025 923 1152 950 causa
1180 908 1378 963 reditque

308 979 353 1019 in
385 979 568 1020 latebras
598 992 693 1018 acer
723 978 910 1032 corrupti
941 977 1125 1032 corporis
1156 991 1289 1025 umor,

309 1053 403 1089 tum
435 1046 557 1102 quasi
588 1046 813 1087 vaccillans
843 1045 1029 1100 primum
1063 1045 1280 1100 consurgit
1311 1049 1356 1085 et
1387 1043 1524 1085 omnis

309 1116 519 1172 paulatim
551 1115 663 1156 redit
695 1115 739 1155 in
771 1128 919 1156 sensus
948 1113 1222 1168 animamque
1253 1118 1456 1168 receptat.
1713 1120 1789 1165 505

309 1184 415 1225 haec
446 1184 581 1240 igitur
612 1183 746 1224 tantis
778 1182 853 1223 ubi
885 1181 1042 1223 morbis
1073 1196 1244 1236 corpore
1275 1180 1321 1221 in
1352 1181 1444 1236 ipso

309 1252 524 1294 iactentur
554 1251 803 1306 miserisque
834 1250 970 1291 modis
1001 1249 1207 1291 distracta
1239 1249 1445 1298 laborent,

310 1335 385 1363 cur
415 1320 564 1362 eadem
595 1320 730 1361 credis
760 1319 852 1361 sine
883 1333 1054 1374 corpore
1085 1318 1130 1359 in
1162 1333 1258 1360 aere
1290 1323 1439 1373 aperto

310 1404 408 1432 cum
440 1389 591 1430 validis
622 1377 763 1429 uentis
794 1393 983 1429 aetatem
1015 1387 1168 1441 degere
1199 1389 1352 1441 posse?

310 1463 355 1500 et
386 1457 586 1513 quoniam
618 1462 806 1498 mentem
837 1456 987 1504 sanari,
1018 1470 1168 1510 corpus
1199 1461 1248 1496 ut
1279 1469 1466 1511 aegrum,
1713 1461 1798 1507 510

311 1526 523 1568 cernimus
554 1531 598 1567 et
629 1526 744 1567 flecti
775 1525 986 1566 medicina
1016 1539 1137 1580 posse
1168 1525 1374 1573 videmus,

311 1594 356 1635 id
387 1609 554 1649 quoque
585 1594 801 1650 praesagit
832 1593 1055 1634 mortalem
1088 1593 1230 1633 vivere
1262 1597 1462 1633 mentem.

311 1663 465 1704 addere
497 1663 611 1703 enim
643 1662 777 1717 partis
807 1667 883 1703 aut
914 1661 1060 1702 ordine
1092 1661 1296 1702 traiecere
1327 1664 1520 1701 aecumst

312 1737 388 1773 aut
418 1731 580 1786 aliquid
610 1746 804 1786 prorsum
834 1730 887 1772 de
919 1745 1086 1771 summa
1116 1729 1340 1771 detrahere
1372 1729 1520 1778 hilum,

312 1806 574 1841 commutare
605 1799 795 1840 animum
829 1799 1087 1854 quicumque
1118 1798 1310 1839 adoritur
1340 1803 1384 1839 et
1415 1797 1512 1838 infit
1717 1805 1794 1849 515

312 1873 390 1909 aut
420 1867 547 1909 aliam
578 1868 772 1923 quamvis
801 1873 1001 1908 naturam
1031 1867 1202 1908 flectere
1233 1866 1412 1921 quaerit,

313 1942 359 1977 at
389 1951 528 1991 neque
559 1936 778 1977 transferri
808 1936 891 1977 sibi
922 1935 1055 1991 partis
1085 1950 1164 1976 nec
1194 1934 1329 1976 tribui
1361 1934 1454 1975 vult

313 2005 539 2046 inmortale
570 2005 683 2059 quod
714 2011 779 2046 est
809 2004 1039 2059 quicquam
1070 2018 1210 2058 neque
1241 2002 1428 2044 defluere
1461 2001 1607 2043 hilum.

314 2088 415 2114 nam
447 2073 743 2128 quodcumque
775 2073 863 2113 suis
894 2077 1114 2114 mutatum
1145 2071 1303 2112 finibus
1334 2071 1435 2121 exit,

316 2141 517 2183 continuo
548 2141 626 2182 hoc
657 2155 768 2181 mors
799 2146 864 2181 est
895 2140 1010 2181 illius
1042 2139 1153 2195 quod
1186 2139 1269 2180 fuit
1300 2145 1413 2181 ante.
1716 2145 1799 2191 520

315 2224 415 2265 ergo
445 2209 613 2250 animus
644 2209 731 2250 sive
762 2208 981 2264 aegrescit,
1011 2207 1208 2248 mortalia
1238 2207 1360 2263 signa

316 2278 467 2327 mittit,
497 2278 564 2318 uti
594 2277 730 2326 docui,
761 2292 835 2318 seu
866 2277 1056 2318 flectitur
1087 2292 1112 2317 a
1142 2276 1364 2318 medicina.

316 2360 451 2401 usque
482 2346 586 2386 adeo
618 2346 747 2386 falsae
777 2345 933 2386 rationi
964 2359 1063 2385 vera
1093 2344 1264 2385 videtur

317 2428 385 2454 res
415 2427 629 2454 occurrere
661 2419 704 2453 et
736 2412 944 2468 effugium
976 2411 1250 2467 praecludere
1284 2411 1407 2453 eunti

318 2481 580 2536 ancipitique
611 2481 802 2522 refutatu
833 2481 1080 2523 convincere
1113 2481 1279 2522 falsum.
1718 2488 1794 2533 525

375 2549 574 2604 Denique
604 2563 730 2604 saepe
760 2549 976 2591 hominem
1007 2548 1217 2604 paulatim
1247 2548 1458 2590 cernimus
1488 2548 1549 2590 ire

205 2715 261 2747 old
283 2715 351 2747 eds.
374 2715 426 2746 for
449 2725 525 2755 qua.
656 2715 718 2748 493
742 2721 880 2756 spumat,
906 2717 1003 2756 quasi
1025 2717 1063 2747 in
1085 2715 1187 2748 Lach.
1212 2716 1264 2747 for
1286 2725 1439 2756 spumam
1463 2717 1509 2752 in,
1533 2715 1623 2745 most
1646 2712 1797 2755 acutely:

206 2769 330 2800 former
353 2771 537 2800 correctors
558 2767 625 2799 and
646 2768 781 2806 editors,
804 2778 888 2800 even
908 2769 1041 2805 Lamb.,
1063 2769 1132 2800 had
1153 2769 1247 2809 quite
1267 2769 1439 2801 mistaken
1459 2768 1518 2801 the
1537 2768 1709 2809 meaning,
1730 2768 1801 2801 and

206 2823 317 2864 joined
334 2833 430 2862 ayens
446 2824 591 2854 animam
606 2822 689 2853 with
704 2825 755 2854 vis
770 2825 892 2855 morbi:
918 2823 1006 2855 their
1021 2824 1156 2855 various
1173 2824 1329 2863 readings
1346 2833 1401 2855 are
1421 2825 1482 2855 not
1502 2822 1611 2854 worth
1631 2822 1799 2855 mention-

206 2875 282 2915 ing:
308 2876 403 2909 Wak.
422 2876 452 2907 is
469 2876 654 2916 unusually
670 2886 833 2915 perverse.
972 2877 1034 2909 497
1050 2879 1233 2908 Eiciuntur
1249 2877 1367 2908 Lamb.
1385 2877 1436 2908 for
1452 2878 1666 2908 Eliciuntur:
1691 2885 1744 2907 see
1760 2876 1802 2909 58

208 2929 276 2961 and
291 2939 325 2959 1v
343 2930 414 2961 945.
548 2930 609 2960 523
624 2931 749 2960 rationi
767 2930 850 2961 Mar.
866 2930 939 2962 Ald.
962 2931 979 2961 1
997 2931 1090 2962 Junt.
1109 2931 1161 2962 for
1176 2932 1329 2962 rationis.
1469 2930 1531 2962 525
1546 2931 1697 2971 refutatu
1714 2930 1797 2962 Mar.
