1997 3267
912 159 975 200 IV
1572 160 1576 165 '
1674 163 1751 215 169

269 270 430 325 primus
462 269 575 309 enim
607 268 713 309 citra
743 273 886 322 postes
916 273 1011 308 tum
1042 267 1231 308 cernitur
1260 281 1343 316 aer,
1668 279 1746 321 275

269 335 367 376 inde
399 335 506 375 fores
536 334 653 389 ipsae
684 334 836 375 dextra
866 333 1069 387 laevaque
1100 338 1314 383 secuntur,

268 408 363 458 post
395 403 579 444 extraria
613 403 684 443 lux
717 402 857 444 oculos
888 407 1107 457 perterget
1138 407 1182 443 et
1212 416 1284 443 aer

268 472 378 513 alter
407 477 451 512 et
484 471 556 512 illa
587 471 686 512 foris
716 486 832 526 quaev
857 485 953 512 vere
985 470 1333 525 transpiciuntur.

268 540 327 581 sic
360 540 431 582 ubi
463 556 506 582 se
536 541 723 596 primum
755 540 916 595 speculi
947 540 1125 595 proiecit
1155 540 1308 597 imago,

268 609 371 650 dum
406 609 521 650 venit
552 608 606 650 ad
637 614 803 650 nostras
833 608 956 657 acies,
987 608 1202 663 protrudit
1233 608 1409 664 agitque
1667 611 1750 651 280

267 692 366 719 aera
396 678 470 733 qui
501 678 614 718 inter
643 692 688 719 se
719 684 945 733 cumquest
975 678 1200 732 oculosque
1232 679 1405 728 locatus,

268 752 313 787 et
344 746 445 787 facit
476 754 525 787 ut
558 746 675 801 prius
707 746 820 787 hunc
850 760 1020 787 omnem
1051 747 1209 788 sentire
1241 762 1448 802 queamus

268 829 396 870 quam
427 815 659 869 speculum.
691 815 764 855 sed
799 815 873 856 ubi
905 815 1125 870 speculum
1159 831 1326 871 quoque
1357 816 1566 858 sensimus
1597 816 1747 871 ipsum,

268 883 469 924 continuo
500 898 525 923 a
556 883 677 924 nobis
708 883 753 924 in
783 883 899 924 idem
932 898 1040 938 quae
1073 885 1208 925 fertur
1238 885 1379 941 imago

267 951 462 1007 pervenit
493 957 537 992 et
568 959 733 993 nostros
763 952 906 993 oculos
936 952 1095 993 reiecta
1125 952 1273 994 revisit
1665 956 1742 1004 285

265 1025 396 1074 atque
427 1020 558 1060 alium
591 1035 692 1075 prae
723 1034 768 1062 se
798 1020 1037 1076 propellens
1067 1035 1166 1062 aera
1196 1020 1329 1062 volvit

267 1095 312 1129 et
344 1088 444 1129 facit
476 1095 526 1130 ut
557 1089 674 1143 prius
706 1090 819 1131 hunc
850 1105 980 1145 quam
1012 1104 1055 1131 se
1088 1090 1321 1140 videamus,
1352 1105 1485 1146 eoque

266 1157 424 1198 distare
455 1157 509 1198 ab
540 1158 713 1212 speculo
749 1164 922 1200 tantum
953 1164 1116 1200 semota
1148 1159 1327 1201 videtur.

267 1240 397 1280 quare
428 1225 560 1267 etiam
591 1232 722 1281 atque
754 1227 885 1268 etiam
917 1227 1094 1268 minime
1125 1227 1318 1268 mirarier
1348 1232 1414 1268 est
1444 1241 1531 1282 par,

266 1296 352 1336 illic
383 1311 489 1352 quor
518 1295 700 1337 reddant
733 1296 1000 1350 speculorum
1033 1310 1084 1337 ex
1116 1310 1298 1351 aequore
1328 1296 1479 1346 visum,
1666 1307 1749 1347 290

265 1365 435 1407 aeribus
464 1365 577 1407 binis
608 1365 809 1421 quoniam
839 1381 906 1407 res
936 1365 1065 1407 confit
1096 1373 1289 1420 utraque.

265 1449 380 1475 nunc
411 1449 461 1475 ea
491 1449 599 1490 quae
631 1434 752 1476 nobis
784 1435 1072 1476 membrorum
1104 1434 1280 1476 dextera
1310 1448 1406 1489 pars
1437 1439 1513 1482 est,

264 1503 310 1544 in
339 1502 522 1558 speculis
552 1503 602 1544 fit
634 1508 684 1544 ut
715 1503 760 1544 in
792 1503 911 1545 laeva
942 1503 1140 1544 videatur
1170 1518 1219 1544 eo
1251 1502 1363 1557 quod

264 1572 489 1627 planitiem
520 1573 573 1614 ad
605 1573 767 1628 speculi
800 1573 975 1614 veniens
1006 1588 1103 1614 cum
1135 1572 1314 1614 offendit
1346 1572 1499 1627 imago,

264 1656 349 1683 non
379 1641 643 1683 convertitur
673 1642 908 1691 incolumis,
941 1642 1013 1683 sed
1044 1648 1161 1683 recta
1192 1648 1421 1683 retrorsum
1667 1647 1744 1689 295

266 1709 324 1751 sic
355 1710 540 1759 eliditur,
572 1715 623 1751 ut
653 1710 797 1764 siquis,
828 1710 946 1765 prius
976 1710 1094 1751 arida
1125 1723 1254 1765 quam
1285 1708 1343 1750 sir,

265 1783 408 1819 cretea
437 1792 627 1833 persona,
659 1778 822 1819 adlidat
852 1778 1019 1833 pilaeve
1050 1777 1228 1827 trabive,

265 1851 395 1900 atque
426 1860 476 1887 ea
507 1846 708 1887 continuo
739 1853 899 1887 rectam
931 1845 968 1887 si
998 1846 1136 1887 fronte
1169 1846 1350 1901 figuram

153 1925 232 1967 323
265 1919 406 1956 servet
436 1919 482 1956 et
513 1914 657 1957 elisam
689 1920 802 1956 retro
834 1929 924 1956 sese
955 1915 1168 1970 exprimat
1199 1914 1301 1969 ipsa.

150 2068 236 2101 sunt,
257 2064 333 2094 bene
349 2062 402 2093 for
417 2072 501 2098 vere,
519 2060 586 2092 and
601 2061 698 2092 ruins
714 2061 773 2093 the
789 2063 977 2101 argument.
1199 2061 1261 2094 275
1281 2066 1348 2092 tum
1368 2061 1525 2091 cernitur.
1571 2068 1641 2089 cum
1657 2057 1749 2088 Nice.

150 2117 176 2148 F
179 2117 239 2149 lor.
260 2117 299 2147 31
318 2115 435 2147 Camb.
453 2117 515 2146 etc.
532 2114 644 2146 which
659 2115 723 2146 has
739 2116 863 2147 caused
878 2115 982 2147 much
999 2115 1178 2147 confusion
1196 2116 1232 2146 in
1249 2115 1308 2146 the
1323 2114 1392 2146 eds.
1409 2113 1522 2145 before
1536 2112 1641 2144 Lach.

194 2173 256 2204 277
268 2175 432 2211 perterget
448 2169 566 2201 Lamb.
588 2170 663 2201 first
679 2169 731 2201 for
749 2175 914 2211 pertegyec:
940 2172 991 2210 (so
1004 2175 1151 2211 pet-teget
1165 2170 1223 2201 AB
1240 2170 1276 2200 in
1293 2170 1373 2209 2493
1397 2169 1458 2200 but
1473 2167 1568 2199 there
1586 2171 1751 2207 perterget

151 2225 258 2264 Nice.)
271 2226 436 2265 pertinyet
452 2224 545 2255 Nice.
563 2224 631 2255 and
647 2233 686 2255 so
701 2224 748 2255 all
764 2224 875 2255 before
891 2224 1012 2255 Lamb.
1213 2225 1277 2256 283
1293 2225 1349 2255 ubi
1365 2224 1531 2263 speculum
1547 2221 1632 2253 Mar.
1651 2221 1749 2252 Junt.

152 2279 202 2311 for
217 2281 275 2311 ubi
291 2281 327 2310 in
342 2280 517 2319 speculum.
687 2279 749 2309 284
767 2280 803 2310 in
819 2280 904 2310 idem
921 2279 986 2309 Ed.
1004 2278 1055 2310 for
1071 2281 1109 2310 in
1124 2288 1215 2311 eum:
1240 2279 1277 2309 id
1293 2287 1361 2310 was
1377 2276 1541 2309 absorbed
1556 2276 1601 2317 by
1615 2278 1664 2316 in,
1683 2274 1752 2307 and

150 2344 200 2366 em
213 2343 282 2364 was
298 2333 381 2364 then
397 2332 551 2371 changed
567 2334 602 2364 to
619 2342 710 2363 eum:
735 2334 773 2364 in
787 2342 855 2364 was
871 2333 939 2364 lost
954 2333 1040 2364 after
1054 2334 1091 2364 id
1107 2332 1144 2364 in
1161 2342 1197 2364 1v
1213 2333 1307 2365 1037.
1353 2334 1474 2363 iterum
1488 2330 1593 2363 Lach.

194 2388 258 2420 290
272 2387 352 2418 Illic
369 2396 451 2427 quor
466 2387 607 2417 reddant
622 2386 686 2417 Ed.
705 2386 758 2417 for
773 2388 850 2417 Illis
867 2397 952 2427 quae
967 2388 1119 2418 reddunt.
1164 2386 1270 2418 Lach.
1286 2388 1366 2426 puts
1382 2385 1453 2417 this
1465 2395 1558 2417 verse
1574 2385 1661 2416 after
1676 2385 1749 2421 270,

151 2441 262 2473 where
277 2441 305 2472 it
321 2441 352 2472 is
367 2441 460 2480 quite
475 2443 535 2472 out
552 2441 589 2471 of
608 2440 723 2480 place:
748 2441 837 2472 from
855 2442 916 2473 107
933 2441 959 2472 it
975 2441 1005 2472 is
1020 2440 1182 2472 manifest
1198 2440 1275 2471 that
1291 2439 1350 2471 the
1371 2440 1511 2479 images,
1531 2441 1593 2471 not
1608 2439 1666 2470 the
1682 2438 1752 2470 real

151 2495 280 2535 things,
299 2499 307 2512 ‘
318 2494 464 2526 reddunt
481 2494 695 2535 speculorum
710 2504 751 2526 ex
767 2504 911 2534 aequore
923 2495 1035 2526 visum
1047 2495 1065 2525 '.
1104 2494 1224 2526 Lamb.
1237 2494 1307 2526 and
1320 2494 1448 2525 Creech
1463 2493 1565 2526 think
1580 2493 1750 2526 289—291

152 2549 328 2590 spurious:
343 2548 440 2580 Wak.
457 2558 495 2580 as
511 2548 611 2579 usual
627 2558 699 2580 sees
715 2558 761 2580 no
784 2548 949 2589 difficulty
964 2549 1001 2580 in
1019 2548 1076 2580 the
1091 2558 1155 2579 ms,
1172 2548 1313 2589 reading
1328 2548 1397 2580 and
1413 2548 1525 2588 boldly
1540 2548 1624 2580 calls
1640 2548 1677 2579 in
1691 2548 1751 2579 the

152 2602 406 2643 Pythagoreans
424 2605 458 2633 to
475 2602 534 2633 the
549 2612 675 2634 rescue.
853 2603 1024 2636 299—347
1042 2602 1227 2645 (323—347
1244 2604 1429 2643 299—322)
1446 2612 1529 2634 were
1543 2602 1617 2634 first
1633 2602 1752 2643 placed

152 2657 189 2689 in
212 2657 302 2688 their
325 2666 446 2697 proper
469 2656 565 2688 order
588 2657 629 2697 by
645 2656 767 2690 Lamb.
794 2658 882 2690 after
903 2658 933 2689 B
957 2668 1041 2689 corr.
1089 2657 1172 2688 This
1195 2657 1226 2688 is
1249 2667 1313 2690 one
1335 2657 1373 2688 of
1393 2657 1452 2689 the
1474 2656 1569 2688 main
1591 2665 1752 2697 passages

152 2712 263 2744 which
284 2711 426 2743 enabled
441 2711 545 2743 Lach.
564 2721 600 2742 so
622 2713 756 2752 acutely
771 2714 807 2743 to
830 2712 1018 2744 determine
1040 2711 1098 2743 the
1119 2712 1264 2744 number
1285 2711 1323 2743 of
1343 2712 1430 2742 lines
1445 2710 1482 2742 in
1501 2721 1521 2742 a
1536 2720 1620 2751 page
1637 2711 1674 2742 of
1693 2711 1752 2742 the

151 2767 219 2799 lost
242 2766 423 2806 archetype
443 2765 480 2797 of
501 2765 546 2796 all
569 2775 631 2797 our
652 2775 735 2797 mss.
782 2766 891 2798 These
911 2767 953 2799 49
974 2765 1226 2800 verses÷three
1248 2765 1413 2805 headings
1436 2767 1580 2796 amount
1603 2766 1638 2796 to
1660 2765 1749 2805 fifty-

153 2824 218 2854 two
239 2831 278 2853 οι·
298 2821 393 2852 twice
413 2820 627 2860 twenty-six;
651 2820 727 2852 that
748 2821 779 2852 is
800 2823 836 2852 to
857 2831 918 2862 say
934 2820 992 2853 the
1016 2820 1163 2861 original
1185 2829 1249 2852 ms.
1265 2819 1336 2852 had
1353 2819 1550 2859 twenty-six
1569 2819 1656 2850 h'nes
1677 2818 1714 2850 in
1731 2829 1751 2850 a

152 2885 247 2915 page,
270 2875 338 2906 and
361 2875 405 2915 by
428 2883 520 2906 some
542 2874 671 2905 chance
693 2884 757 2907 one
779 2875 857 2914 leaf,
882 2874 942 2906 the
965 2875 1057 2912 76th,
1079 2874 1149 2906 had
1171 2874 1217 2906 its
1239 2885 1342 2915 pages
1364 2874 1540 2913 inverted3
1562 2873 1669 2905 hence
1691 2873 1751 2905 the

153 2930 423 2970 transposition:
450 2939 504 2962 see
526 2929 761 2961 introduction
782 2939 816 2971 p.
841 2931 894 2963 27.
946 2929 1019 2961 The
1041 2939 1146 2970 marg.
1175 2930 1211 2961 of
1236 2929 1326 2961 Flor.
1351 2930 1393 2962 29
1415 2928 1453 2960 in
1475 2928 1534 2960 the
1557 2928 1694 2968 writing
1718 2928 1755 2959 of
