1997 3267
180 191 259 234 190
940 176 1005 218 IV

289 301 388 327 nam
420 285 601 327 dubium
633 300 719 327 non
751 291 828 335 est,
860 285 1020 326 animai
1052 285 1156 341 quin
1187 300 1316 341 opera
1345 285 1403 327 sit
1694 298 1781 340 920

289 369 438 397 seusus
469 355 538 396 hic
569 355 614 396 in
645 354 779 405 nobis,
811 369 938 410 quem
971 369 1068 396 cum
1101 369 1224 410 sopor
1253 354 1422 410 inpedit
1453 369 1556 406 esse,

287 429 383 466 tum
415 423 537 465 nobis
569 424 757 464 animam
787 422 1087 479 perturbatam
1119 437 1210 465 esse
1240 423 1528 479 putandumst

287 493 554 548 eiectamque
586 491 720 543 foras3
763 506 848 532 non
880 505 1075 542 omnem;
1114 505 1301 547 namque
1331 492 1490 533 iaceret

284 569 461 604 aeterno
493 575 646 617 corpus
677 561 898 617 perfusum
930 561 1084 617 frigore
1117 560 1204 602 leti.

285 631 447 687 quippe
478 630 554 672 ubi
585 630 705 671 nulla
737 629 874 671 latens
905 629 1066 670 animai
1096 644 1194 684 pars
1224 635 1465 671 remaneret
1693 641 1776 686 925

286 701 331 742 in
363 699 578 749 membris,
610 700 751 741 cinere
782 705 834 741 ut
866 699 1006 741 multa
1035 699 1145 740 latet
1175 698 1357 740 obrutus
1386 698 1510 755 ignis,

286 769 401 812 unde
432 769 652 811 reconflari
685 783 835 810 sensus
865 783 942 824 per
973 767 1165 809 membra
1196 773 1373 822 repente

285 844 441 895 posset,
473 843 523 879 ut
555 853 605 879 ex
638 837 730 894 igni
762 852 886 879 caeco
917 851 1169 892 consurgere
1202 836 1405 878 flamma?

345 907 431 949 Sed
463 906 620 962 quibus
653 905 758 947 haec
788 905 918 947 rebus
949 904 1117 946 novitas
1149 904 1305 946 confiat
1337 912 1381 946 et
1413 905 1528 948 unde

286 975 529 1031 perturbari
562 974 707 1016 anima
739 980 783 1016 et
815 988 966 1029 corpus
998 973 1270 1029 languescere
1302 973 1448 1028 possit,
1695 986 1782 1028 930

285 1043 535 1100 expediam:
578 1048 627 1085 tu
661 1043 726 1084 fac
756 1057 811 1085 ne
843 1042 984 1084 ventis
1016 1042 1146 1083 verba
1176 1042 1439 1097 profundam.

286 1112 494 1168 principio
526 1116 706 1153 externa
737 1125 889 1166 corpus
920 1110 973 1152 de
1006 1116 1127 1165 parte
1158 1125 1381 1152 necessum
1413 1117 1490 1163 cst,

286 1181 411 1223 aeriis
442 1180 645 1236 quoniam
679 1179 867 1221 vicinum
900 1179 1096 1235 tangitur
1125 1179 1251 1229 auris,

285 1250 460 1293 tundier
489 1256 621 1305 atque
654 1249 746 1291 eius
777 1249 923 1290 crebro
954 1248 1163 1304 pulsarier
1194 1248 1297 1298 ictu,

285 1327 597 1377 proptereaque
631 1320 717 1361 fere
748 1333 815 1360 res
847 1333 994 1360 omnes
1024 1324 1102 1360 aut
1132 1318 1244 1360 corio
1274 1324 1376 1360 sunt
1693 1331 1776 1375 935

285 1397 363 1432 aut
395 1390 526 1432 etiam
559 1389 730 1431 conchis
761 1396 839 1430 aut
870 1389 976 1431 callo
1007 1395 1084 1430 aut
1114 1388 1270 1431 cortice
1302 1395 1454 1432 tectae.

284 1461 533 1502 interiorem
566 1460 698 1501 etiam
730 1466 898 1515 partem
931 1458 1194 1514 spirantibus
1225 1473 1297 1500 aer

285 1529 484 1571 verberat
515 1529 585 1570 hic
616 1528 743 1578 idem,
775 1542 873 1569 cum
905 1527 1079 1568 ducitur
1108 1533 1239 1583 atque
1272 1527 1456 1569 reflatur.

285 1614 416 1654 quare
448 1599 668 1653 utrimque
701 1612 821 1639 secus
853 1612 949 1638 cum
983 1611 1133 1652 corpus
1165 1597 1342 1652 vapulet
1373 1603 1417 1639 et
1449 1612 1546 1639 cum

285 1668 538 1724 perveniant
569 1668 721 1723 plagae
753 1681 830 1723 per
861 1681 991 1721 parva
1023 1666 1231 1707 foramina
1259 1666 1383 1708 nobis
1694 1678 1781 1722 940

286 1737 469 1793 corporis
501 1736 555 1778 ad
586 1736 746 1792 primas
779 1736 914 1791 partis
946 1735 1245 1791 elementaque
1276 1736 1426 1791 prima,

286 1807 337 1849 fit
369 1807 490 1863 quasi
522 1806 733 1862 paulatim
766 1806 889 1847 nobis
919 1821 996 1862 per
1028 1805 1221 1847 membra
1250 1805 1384 1848 ruina.

286 1877 601 1919 conturbantur
633 1876 749 1918 enim
781 1876 999 1931 positurae
1031 1875 1337 1931 principiorum

286 1946 471 2001 corporis
501 1952 632 2000 atque
664 1944 809 1986 animi.
872 1944 922 1985 fit
955 1944 1020 1985 uti
1053 1958 1149 1998 pars
1179 1943 1279 1985 inde
1311 1943 1470 1986 animai

286 2015 467 2056 eiciatur
498 2021 541 2056 et
575 2014 805 2055 introrsum
838 2028 935 2068 pars
966 2013 1116 2055 abdita
1146 2013 1282 2062 cedat,
1694 2024 1776 2068 945

288 2098 385 2139 pars
417 2083 547 2125 etiam
580 2083 787 2123 distracta
817 2096 895 2137 per
924 2091 1043 2123 artus
1074 2097 1159 2123 non
1190 2087 1321 2137 queat
1352 2095 1443 2124 esse

287 2151 515 2192 coniuncta
546 2150 660 2191 inter
690 2164 734 2191 se
764 2164 905 2205 neque
936 2159 1057 2191 motu
1090 2155 1243 2191 mutua
1275 2150 1421 2206 fungi;

287 2220 400 2261 inter
431 2220 546 2261 enim
579 2219 718 2274 saepit
750 2225 896 2261 coetus
927 2225 1084 2260 natura
1113 2219 1319 2274 viasque3

289 2303 389 2345 ergo
421 2304 570 2330 sensus
601 2288 693 2329 abit
725 2288 906 2329 mutatis
937 2287 1127 2329 motibus
1158 2288 1257 2330 alte.

288 2364 333 2400 et
363 2358 565 2413 quoniam
597 2373 681 2398 non
713 2364 779 2399 est
811 2357 931 2412 quasi
963 2357 1076 2412 quod
1107 2357 1325 2398 suffulciat
1356 2363 1487 2407 artus,
1693 2348 1798 2412 950*

287 2426 427 2468 debile
459 2426 510 2467 fit
541 2440 693 2481 corpus
724 2425 1092 2481 languescuntque
1125 2425 1268 2466 omnia
1299 2425 1503 2474 membra,

289 2494 486 2536 bracchia
516 2493 832 2549 palpebraeque
864 2493 1024 2534 cadunt
1055 2492 1325 2548 poplitesque
1357 2492 1535 2534 cubanti

173 2622 230 2654 AB
243 2623 335 2654 Nice.
387 2623 535 2654 Tutemet
547 2622 637 2661 vulg.
651 2622 756 2653 Lach.
848 2623 911 2654 928
927 2622 1040 2653 Posset
1056 2621 1162 2653 Lach.
1179 2622 1232 2653 for
1246 2623 1368 2653 Possit.
1458 2621 1522 2654 929
1537 2622 1661 2663 confiat
1676 2621 1778 2654 Pont.

174 2677 280 2710 Lach.
297 2677 350 2709 for
365 2679 498 2718 conflat.
544 2677 700 2716 confletur
716 2676 805 2708 Flor.
827 2677 867 2707 31
884 2676 1004 2707 Lamb.
1022 2676 1112 2716 vulg.
1293 2677 1358 2709 934
1373 2677 1456 2708 eius.
1503 2676 1544 2707 ab
1559 2676 1634 2707 ibus
1649 2675 1754 2709 Lach.
1769 2689 1778 2709 ι

173 2731 234 2763 but
251 2741 305 2764 see
320 2734 419 2764 notes
436 2733 467 2762 2.
619 2732 682 2762 944
690 2732 737 2772 fit
753 2733 806 2762 uti
821 2731 879 2762 AB
896 2731 988 2762 Nico.
1009 2730 1100 2762 Flor.
1119 2732 1159 2762 31
1177 2731 1294 2763 Camb.
1339 2731 1441 2762 sicuti
1457 2730 1550 2761 Brix.
1597 2732 1684 2762 sicut
1700 2729 1778 2763 Ver.

173 2784 256 2817 Ven.
303 2786 362 2823 sic,
379 2790 417 2816 ut
433 2785 533 2816 Pont.
552 2785 638 2816 Mar.
656 2785 745 2824 vulg.
765 2785 926 2826 wrongly.
1060 2786 1123 2818 945
1140 2787 1300 2817 Eiciatur
1315 2786 1432 2818 Lamb.
1451 2785 1504 2817 for
1519 2786 1704 2817 Eliciatur.

217 2841 279 2871 952
296 2839 370 2877 953,
388 2839 521 2879 though
535 2839 698 2879 perfectly
715 2838 837 2877 sound,
856 2849 912 2870 are
927 2838 1031 2870 much
1047 2839 1228 2879 corrupted
1249 2840 1293 2880 by
1307 2839 1428 2871 Lamb.
1446 2838 1571 2871 Creech
1592 2838 1683 2879 vulg.
1729 2838 1774 2872 Is.

174 2892 327 2926 Vossius’
343 2903 407 2925 ms.
430 2896 510 2925 note
528 2893 558 2924 is
574 2893 684 2924 worth
705 2893 858 2933 quoting,
876 2902 914 2924 as
935 2893 1080 2924 Haverc.
1103 2893 1173 2924 and
1193 2893 1330 2933 Preiger
1345 2892 1596 2933 misrepresent,
1613 2891 1684 2925 and
1699 2902 1778 2925 con-

175 2947 354 2988 sequently
368 2947 468 2979 Wak.
485 2947 555 2979 and
570 2946 674 2980 Lach.
695 2946 962 2988 misapprehend
983 2946 1034 2986 it;
1060 2948 1220 2979 ‘omnino
1240 2947 1391 2988 legend.:
1411 2949 1620 2989 poplitesque
1641 2948 1778 2980 cubanti
