1997 3267
932 165 997 207 IV
1704 173 1773 209 161

287 273 593 328 cuiuscumque
625 273 740 314 cluet
771 271 824 314 de
855 287 1026 327 corpore
1059 272 1154 313 fusa
1186 273 1340 329 vagari.

200 355 256 394 44
287 341 330 383 id
363 342 462 383 licet
494 342 592 383 hinc
624 342 820 397 quamvis
851 341 999 382 hebeti
1031 356 1279 395 cognoscere
1311 341 1446 387 corde.

203 422 255 464 54
288 410 496 466 principio
527 410 728 465 quoniam
762 410 945 450 mittunt
978 409 1021 450 in
1053 409 1181 450 rebus
1213 410 1374 465 apertis

286 492 459 532 corpora
490 491 556 518 res
587 477 762 526 multae,
792 477 951 532 partim
983 476 1139 517 diffusa
1170 477 1321 526 solute,
1727 489 1746 531 f
1756 490 1774 532 5

285 546 434 588 robora
465 561 542 588 ceu
575 547 741 587 sumum
775 546 959 586 mittunt
990 545 1197 601 ignesque
1230 561 1442 602 vaporem,

286 621 331 658 et
361 616 519 671 partini
552 621 754 657 contexta
786 615 922 669 magis
952 615 1263 670 condensaque,
1296 622 1346 657 ut
1377 617 1477 658 olim

284 699 382 726 cum
414 684 564 726 teretis
595 689 762 740 ponunt
794 683 962 725 tunicas
993 689 1158 725 aestate
1190 684 1372 734 cicadae,

285 759 330 795 et
362 753 491 795 vituli
522 768 619 794 cum
652 753 922 794 membranas
953 752 1006 793 de
1038 767 1209 807 corpore
1240 767 1408 795 sunnno

284 830 509 864 nascentes
540 823 736 871 mittunt,
767 827 812 863 et
843 822 947 863 item
980 837 1077 862 cum
1111 821 1273 863 lubrica
1303 837 1475 878 serpens
1723 827 1780 867 60

285 892 405 934 exuit
436 892 481 933 in
512 892 647 947 spinis
678 897 869 941 veste1n;
912 906 1010 931 nam
1043 905 1169 946 saepe
1203 891 1397 933 v1·‹l‹=1nus

284 961 454 1002 illorum
486 960 633 1015 spoliis
663 974 813 1014 vepres
844 959 1127 1000 volitantibus
1157 966 1327 1001 auctas:

285 1044 393 1085 quae
425 1029 627 1085 quoniam
660 1028 781 1077 fiunt,
813 1029 958 1069 tenuis
989 1043 1159 1084 quoque
1191 1029 1321 1071 debet
1353 1029 1494 1087 imago

283 1098 338 1139 ab
369 1097 496 1139 rebus
528 1096 647 1138 mitti
678 1112 845 1138 summo
876 1096 929 1138 de
961 1111 1133 1152 corpore
1166 1112 1318 1140 rerum.

283 1181 384 1208 nam
415 1181 490 1207 cur
520 1165 594 1206 illa
624 1165 780 1206 cadant
812 1165 949 1221 magis
980 1165 1034 1207 ab
1066 1165 1278 1221 rebusque
1311 1167 1511 1208 recedant
1721 1169 1774 1223 65

284 1249 412 1291 quam
445 1249 555 1290 quae
586 1234 734 1276 tenvia
764 1242 877 1284 sunt,
911 1235 1146 1276 hiscendist
1177 1235 1296 1276 nulla
1327 1242 1540 1291 potestas;

284 1303 534 1359 praesertim
566 1318 664 1344 cum
695 1303 782 1344 sint
813 1303 858 1345 in
889 1304 1070 1345 summis
1101 1319 1276 1360 corpora
1307 1305 1434 1346 rebus

284 1371 423 1413 multa
454 1371 635 1421 minuta,
666 1371 748 1412 iaci
779 1387 888 1427 quae
922 1372 1085 1427 possint
1116 1373 1263 1414 ordine
1295 1373 1444 1415 eodem

284 1456 368 1498 quo
399 1442 560 1483 fuerint
591 1447 636 1483 et
667 1442 818 1483 formai
849 1457 1017 1484 servare
1049 1443 1244 1498 figuram,

284 1518 329 1553 et
360 1510 497 1552 multo
527 1511 665 1559 citius,
698 1517 860 1566 quanto
891 1511 1034 1553 minus
1064 1512 1311 1567 indupediri
1721 1525 1780 1569 70

284 1596 421 1638 pauca
452 1587 617 1637 queunt
649 1587 694 1622 et
724 1596 830 1636 quae
860 1588 962 1623 sunt
994 1582 1132 1637 prima
1163 1583 1301 1624 fronte
1333 1583 1481 1626 locata.

283 1666 385 1692 nam
416 1658 530 1692 certe
562 1651 699 1693 iacere
730 1666 778 1693 ac
810 1652 953 1708 largiri
986 1652 1124 1694 multa
1155 1653 1360 1703 videmus,

284 1735 370 1762 non
401 1720 538 1761 solum
572 1735 622 1761 ex
654 1720 742 1762 alto
772 1721 1045 1777 penitusque,
1078 1727 1126 1763 ut
1157 1722 1345 1763 diximus
1375 1727 1488 1772 ante,

285 1804 434 1831 verum
466 1789 519 1830 de
550 1790 731 1831 summis
762 1789 904 1845 ipsum
935 1805 1106 1846 quoque
1137 1805 1263 1846 saepe
1295 1791 1487 1834 colorem.

286 1864 331 1900 et
362 1859 484 1914 volgo
517 1858 680 1900 faciunt
711 1858 753 1899 id
786 1859 906 1900 lutea
935 1874 1142 1915 russaque
1175 1859 1270 1901 vela
1722 1872 1774 1915 75

287 1933 331 1969 et
362 1927 591 1983 ferrugina,
622 1942 719 1969 cum
751 1927 918 1983 magnis
949 1928 1120 1969 intenta
1150 1928 1334 1970 theatris

286 2010 362 2052 per
392 1995 526 2036 malos
557 1995 729 2051 volgata
760 1996 989 2051 trabesque
1021 1997 1254 2038 trementia
1285 1997 1468 2049 flutant;

286 2079 473 2120 namque
505 2064 566 2106 ibi
597 2079 841 2106 consessum
872 2066 1017 2107 caveai
1048 2072 1197 2120 supter
1228 2072 1272 2108 et
1302 2081 1471 2109 omnem

171 2238 263 2270 what
285 2238 443 2279 precedes
466 2238 536 2270 and
559 2238 692 2270 follows
715 2238 807 2270 here.
854 2239 938 2271 Mar.
967 2238 1037 2271 and
1059 2239 1154 2272 Junt.
1183 2240 1258 2272 first
1281 2241 1428 2273 omitted
1451 2241 1554 2276 them.
1736 2245 1779 2277 50

175 2295 259 2334 Quoi
282 2292 346 2326 Ed.
371 2293 423 2324 for
442 2294 518 2333 Qui.
570 2294 662 2333 Quae
684 2293 818 2324 Nonius
839 2293 930 2326 Flor.
951 2295 990 2325 31
1015 2294 1133 2326 Camb.
1151 2296 1252 2335 vulgo
1276 2295 1345 2327 and
1365 2296 1471 2328 Lach.
1625 2297 1667 2330 52
1690 2300 1778 2332 cluet

171 2348 263 2381 Brix.
284 2349 410 2380 Avanc.
426 2348 503 2380 Ald.
521 2349 540 2379 2
564 2349 617 2380 for
640 2351 737 2380 ciaet.
765 2350 821 2380 cai
845 2354 875 2381 et
898 2349 991 2381 Nice.
1018 2351 1067 2381 tui
1091 2355 1123 2382 et
1145 2350 1235 2382 Flor.
1254 2351 1294 2382 31
1317 2351 1434 2383 Camb.
1480 2354 1566 2385 eluet
1590 2353 1668 2385 Ver.
1692 2354 1775 2387 Ven.

172 2408 271 2444 queat
289 2403 373 2434 Mar.
391 2403 487 2436 Junt.
638 2405 678 2435 53
697 2403 763 2446 (44)
781 2404 855 2435 first
871 2404 1081 2436 transferred
1097 2403 1213 2436 hither
1228 2405 1272 2446 by
1289 2406 1372 2438 Mar.
1393 2407 1413 2438 J
1416 2409 1491 2438 unt.
1645 2409 1686 2440 54
1703 2411 1777 2441 mit-

173 2463 247 2490 tunt
263 2457 356 2488 Nicc.
375 2457 427 2489 for
442 2459 633 2489 mittuntur.
783 2458 823 2489 68
845 2460 955 2490 eodem
974 2459 1074 2490 Pont.
1095 2459 1181 2490 Mar.
1198 2459 1295 2491 Junt.
1319 2460 1371 2491 for
1393 2471 1512 2492 eorum.
1558 2473 1665 2494 rerum
1687 2463 1771 2497 Ven.

170 2512 299 2544 Avanc.
433 2511 473 2544 69
497 2517 528 2542 et
538 2513 665 2552 formai
681 2512 728 2544 Is.
745 2512 842 2543 Voss.
859 2513 896 2543 in
912 2523 974 2545 ms.
992 2515 1091 2545 notes
1107 2513 1160 2545 for
1175 2519 1205 2545 et
1215 2515 1339 2554 forma.
1385 2521 1417 2547 et
1433 2526 1506 2547 cum
1514 2518 1628 2557 forma
1643 2518 1671 2548 B
1687 2528 1771 2551 corr.

171 2572 311 2599 veterem
334 2572 366 2599 et
384 2568 530 2608 sormam
557 2567 674 2598 Camb.
720 2572 861 2599 veterem
886 2573 918 2599 et
938 2569 1068 2608 formae
1094 2568 1169 2600 Vat.
1200 2569 1283 2601 1136
1307 2568 1376 2601 and
1400 2570 1484 2603 1954
1508 2570 1629 2604 Othob.
1653 2572 1774 2604 Lamb.

172 2624 306 2654 solitam
321 2627 352 2654 et
361 2623 492 2662 formae
507 2621 634 2653 Avanc.
654 2622 801 2661 Nauger.
841 2623 1035 2663 formaeque
1051 2633 1145 2654 suam
1159 2623 1260 2655 Pont.
1277 2623 1374 2656 Junt.
1424 2626 1620 2666 conformem
1641 2636 1679 2657 01·
1701 2637 1774 2659 con-

172 2678 313 2708 similem
334 2676 422 2717 conj.
441 2675 560 2708 Lamb.
609 2677 806 2716 conformem
829 2676 950 2708 Heius.
970 2677 1007 2707 in
1024 2686 1088 2708 ms.
1105 2679 1211 2710 notes.
1370 2679 1410 2711 71
1427 2684 1459 2710 et
1475 2690 1559 2720 quae
1575 2686 1652 2712 sunt
1663 2683 1773 2721 prima

171 2731 275 2764 Lach.
296 2732 349 2762 for
363 2736 396 2762 et
411 2736 487 2762 sant
498 2731 612 2770 prima
627 2730 697 2760 AB.
737 2729 941 2769 ‘quadratus
955 2730 1059 2762 habet
1076 2732 1113 2762 in
1129 2733 1209 2763 ante
1220 2734 1334 2772 prima
1350 2732 1506 2765 additum
1519 2734 1773 2774 antiquissima,

173 2787 203 2818 si
227 2796 298 2817 non
321 2785 431 2826 prima
454 2785 580 2816 manu'
598 2784 721 2816 Lach.:
746 2784 816 2815 and
839 2794 876 2816 so
899 2785 999 2817 Pont.
1026 2786 1110 2817 Mar.
1135 2786 1208 2818 Ald.
1239 2787 1257 2817 1
1281 2787 1380 2820 Junt.
1427 2794 1458 2820 et
1482 2794 1559 2820 szmt
1578 2791 1690 2830 prima
1714 2792 1773 2822 sub

172 2840 264 2872 Flor.
290 2841 330 2871 31
354 2839 471 2872 Camb.
625 2840 666 2872 72
689 2841 797 2871 iacere
822 2851 860 2871 ac
885 2842 1007 2881 laryiri
1030 2840 1135 2872 Lach.
1151 2844 1243 2873 most
1263 2842 1398 2884 acutely
1412 2843 1464 2875 for
1480 2846 1588 2876 iacere
1603 2835 1772 2885 acieryiri.

173 2895 280 2925 iacere
296 2903 335 2924 ac
350 2894 497 2925 iaculari
512 2892 602 2924 Flor.
621 2893 660 2924 31
679 2893 796 2927 Camb.
814 2895 833 2925 2
849 2894 924 2927 vat.
940 2895 1025 2927 Mar.
1040 2895 1116 2926 Ald.
1130 2896 1147 2926 1
1164 2896 1262 2927 Junt.
1396 2899 1437 2931 77
1445 2899 1576 2938 flatanc
1593 2899 1772 2931 Turnebus

174 2948 293 2980 Lamb.
313 2947 365 2979 ed.
386 2949 406 2979 3
430 2948 482 2979 for
495 2949 622 2990 fluctus
644 2948 686 2980 B.
733 2958 801 2980 om.
818 2949 848 2981 A
862 2950 956 2981 Nicc.
975 2951 994 2981 2
1011 2950 1089 2983 Vat.
1109 2950 1201 2981 Brix.
1221 2950 1319 2984 Ver.:
1345 2951 1452 2984 hence
1467 2954 1599 2989 circum,
1612 2955 1768 2994 pendent,

289 3024 334 3053 M.
1605 3022 1625 3060 1
1635 3023 1653 3059 1
