1997 3267
852 221 917 263 VI
1606 235 1688 278 293

231 355 310 382 nec
340 339 474 381 nimio
505 339 632 395 rigidi
662 343 760 394 post
790 345 910 380 artus
941 345 1077 382 morte
1108 341 1317 386 iacebant.

222 415 467 464 voctavoque
499 409 586 450 fere
617 408 817 450 candenti
851 408 1011 450 lumine
1043 410 1141 451 solis

230 482 307 519 aut
339 477 469 518 etiam
502 492 615 518 nona
644 475 882 518 reddebant
913 477 1110 533 lampade
1141 479 1286 522 vitam.

232 560 412 601 quorum
444 545 578 601 siquis
608 545 694 586 ibei
726 545 885 586 vitarat
916 547 1066 588 funera
1097 547 1187 597 leti,

231 614 446 656 ulceribus
477 615 628 656 taetris
659 620 703 656 et
734 615 858 671 nigra
887 617 1078 670 proluvie
1111 617 1196 658 alvi
1581 628 1690 660 1200

230 683 443 739 posterius
475 689 621 724 tamen
653 683 767 724 hunc
799 683 920 725 tabes
952 684 1174 741 letumque
1207 684 1421 735 manebat,

230 758 307 794 aut
338 752 470 793 etiam
502 752 665 793 multus
696 752 850 807 capitis
881 767 977 794 cum
1010 769 1135 810 saepe
1167 755 1309 797 dolore

230 826 455 876 corruptus
485 820 659 877 sanguis
690 820 873 876 expletis
904 822 1078 864 naribus
1111 823 1229 865 ibat:

230 888 313 931 huc
344 889 528 931 hominis
560 896 677 932 totae
710 890 818 931 vires
849 905 1087 946 corpusque
1120 892 1291 934 fluebat.

230 959 487 1014 profluvium
519 974 641 1014 porro
672 959 746 1014 qui
778 960 908 1001 taetri
939 960 1159 1015 sanguinis
1189 975 1284 1002 acre
1579 970 1683 1014 1205

231 1027 406 1077 exierat,
437 1033 582 1069 tamen
614 1028 658 1068 in
689 1043 839 1069 nervos
871 1028 971 1070 huic
1002 1029 1175 1071 morbus
1207 1036 1251 1071 et
1281 1035 1401 1072 artus

230 1095 323 1138 ibat
353 1104 397 1138 et
428 1097 471 1137 in
504 1097 637 1152 partis
667 1097 870 1153 genitalis
900 1098 1085 1153 corporis
1115 1098 1239 1154 ipsas.

229 1170 273 1207 et
302 1165 492 1222 graviter
522 1165 679 1221 partim
711 1171 956 1207 metuentes
988 1166 1137 1208 limina
1169 1167 1246 1209 leti

231 1234 435 1276 vivebant
467 1235 575 1276 ferro
606 1235 764 1290 privati
794 1241 916 1291 parte
948 1236 1072 1285 virili,

229 1311 274 1345 et
305 1303 504 1345 manibus
534 1305 626 1346 sine
656 1305 852 1346 nonnulli
887 1305 1152 1360 pedibusque
1183 1305 1417 1348 manebant
1580 1318 1689 1348 1210

230 1371 275 1414 in
308 1372 397 1414 vita
427 1377 585 1422 tamen,
617 1380 661 1414 et
693 1374 931 1428 perdebant
964 1374 1127 1415 lumina
1156 1375 1338 1429 partim:

229 1455 366 1496 usque
397 1440 503 1482 adeo
534 1441 682 1483 mortis
715 1448 858 1484 metus
890 1443 956 1484 his
987 1443 1218 1485 incesserat
1248 1459 1355 1488 acer.

228 1515 359 1566 atque
390 1510 522 1552 etiam
554 1512 759 1567 quosdam
791 1526 939 1568 cepere
971 1513 1129 1554 oblivia
1158 1527 1301 1554 rerum

228 1585 492 1629 cunctarum,
522 1595 662 1636 neque
693 1595 737 1622 se
768 1587 941 1635 possent
972 1596 1221 1636 cognoscere
1253 1589 1302 1622 ut
1334 1581 1427 1637 ipsi.

230 1649 452 1704 multaque
484 1649 607 1691 humi
637 1664 734 1691 cum
766 1650 992 1690 inhumata
1023 1650 1211 1691 iacerent
1242 1664 1415 1706 corpora
1445 1665 1572 1706 supra

229 1718 487 1773 corporibus,
516 1723 664 1759 tamen
694 1718 880 1759 alituum
910 1732 1047 1774 genus
1078 1724 1208 1773 atque
1240 1718 1425 1760 ferarum
1580 1721 1688 1761 1216

229 1793 306 1828 aut
335 1786 481 1841 procul
511 1787 751 1841 apsiliebat,
782 1793 831 1827 ut
861 1802 1000 1828 acrem
1032 1787 1194 1828 exeiret
1224 1786 1407 1837 odorem,

230 1860 320 1904 aut,
349 1854 424 1896 ubi
455 1861 662 1910 gustarat,
693 1855 925 1911 languebat
957 1861 1093 1897 morte
1123 1855 1373 1911 propinqua.

231 1938 309 1965 nec
340 1929 486 1965 tamen
517 1924 689 1965 omnino
721 1929 882 1966 temere
914 1924 999 1966 illis
1029 1925 1190 1966 solibus
1222 1925 1310 1966 ulla

232 1992 504 2048 comparebat
534 1991 636 2041 avis,
666 2007 745 2033 nec
775 1993 917 2034 tristia
947 1993 1084 2034 saecla
1115 1993 1300 2034 ferarum
1578 2005 1686 2036 1220

88 2121 178 2160 coyei
198 2118 266 2151 and
287 2119 394 2158 11993
418 2128 456 2150 so
471 2129 485 2150 1
500 2120 542 2150 84
563 2129 644 2152 mss.
672 2121 816 2157 Triviat,
833 2129 861 2151 11
884 2120 947 2152 636
968 2122 1086 2152 Armat
1108 2126 1152 2152 et.
1197 2122 1318 2152 rictum
1338 2120 1457 2154 Lamb.
1480 2121 1532 2153 for
1551 2127 1684 2155 rectum.

88 2175 302 2215 Duratusque
326 2175 434 2205 horret
456 2176 561 2205 ric-tus
585 2175 660 2207 Vat.
689 2175 783 2208 3276.
831 2176 1054 2207 inhorrescens
1084 2177 1205 2207 rictam
1227 2175 1330 2208 Lach.
1366 2176 1454 2207 after
1475 2176 1686 2217 Rutgersius.

88 2229 280 2260 inhorrebat
294 2230 416 2260 rictum
430 2228 551 2260 Lamb.
598 2230 635 2259 in
655 2239 708 2260 ore
730 2230 841 2260 iacens
863 2231 951 2260 rictu
972 2229 1116 2262 Nonius.
1167 2235 1258 2262 tenta
1274 2232 1417 2262 tumebat
1433 2231 1554 2263 Heius.
1570 2232 1607 2263 in
1622 2242 1685 2264 ms.

88 2286 187 2316 notes
203 2283 272 2316 and
286 2283 392 2315 Lach.
409 2283 462 2314 for
478 2288 569 2315 tenta
586 2284 702 2314 mebat.
750 2288 836 2315 tecta
858 2285 989 2315 meabat
1010 2284 1103 2316 Nico.
1154 2290 1244 2316 tenta
1259 2287 1389 2316 meabat
1404 2285 1491 2318 Flor.
1513 2288 1553 2318 31
1570 2287 1686 2319 Camb.

90 2341 110 2371 2
125 2339 202 2371 Vat.
220 2339 314 2370 Mon.
360 2342 452 2370 tenta
467 2339 618 2369 manebat
633 2337 766 2369 Nonius
782 2338 810 2369 B
827 2348 912 2370 corr.
929 2338 1005 2369 Vat.
1022 2339 1117 2371 3276.
1294 2339 1378 2372 1196
1392 2341 1498 2379 riyidi
1514 2340 1619 2372 Lach.
1635 2341 1689 2373 for

88 2395 212 2434 riyida.
252 2398 329 2434 post
345 2398 450 2425 artus.
491 2397 567 2433 post
582 2394 682 2424 strati
698 2393 817 2424 Lamb.
859 2395 1022 2433 prostrati
1038 2393 1138 2425 Pont.
1155 2393 1176 2425 J
1178 2395 1249 2426 unt.
1440 2395 1523 2428 1199
1539 2397 1606 2427 ibei
1621 2395 1686 2427 Ed.

90 2449 143 2481 for
162 2453 199 2480 ut
220 2454 287 2481 est:
311 2450 377 2480 ibet⁴
399 2448 536 2479 became
557 2448 631 2479 first
652 2448 733 2487 iuer,
752 2447 835 2478 then
855 2453 893 2478 ut
913 2453 983 2480 est:
1008 2457 1061 2479 see
1082 2458 1117 2480 n.
1141 2450 1177 2480 to
1200 2449 1292 2481 1195.
1341 2450 1400 2480 vix
1419 2449 1524 2482 Lach.
1543 2450 1688 2482 without

89 2503 191 2535 force.
323 2502 407 2534 1200
427 2502 597 2533 Ulceribus
612 2500 732 2532 Lamb.
755 2501 842 2532 after
863 2500 1079 2542 Thucydides
1094 2502 1147 2534 for
1166 2503 1338 2534 Viceribus
1352 2512 1359 2533 :
1384 2505 1397 2534 i
1413 2503 1482 2534 and
1497 2505 1509 2534 l
1524 2504 1688 2536 confused

90 2567 128 2589 as
149 2557 186 2588 in
209 2556 273 2588 500
293 2556 391 2588 other
410 2556 545 2596 places:
571 2565 608 2586 so
632 2556 713 2588 1271
742 2556 923 2592 Via-eribus,
955 2556 1136 2588 Visceribus
1159 2557 1188 2587 A
1210 2566 1296 2588 corr.
1319 2555 1409 2589 Nice.
1435 2557 1524 2597 vulg.
1550 2556 1629 2589 here
1649 2567 1688 2590 as

90 2611 194 2643 there.
242 2609 339 2642 Wak.
359 2609 396 2640 in
413 2609 496 2640 both
517 2609 631 2649 places
651 2618 773 2648 argues
794 2608 847 2639 for
864 2610 1064 2647 visceribus;
1088 2610 1149 2641 but
1163 2609 1193 2640 A
1208 2610 1278 2641 and
1291 2609 1320 2640 B
1344 2610 1427 2642 1166
1442 2610 1512 2642 had
1526 2612 1574 2642 Et
1588 2613 1688 2643 simul

90 2665 254 2697 viceribus
266 2675 277 2703 ;
307 2664 391 2695 1148
415 2664 585 2702 San-quine
609 2668 640 2694 et
661 2664 847 2700 viceribus;
871 2673 893 2693 v
915 2664 977 2696 995
1000 2674 1097 2704 super
1117 2666 1244 2695 vicerat
1266 2669 1363 2701 tetra,
1384 2666 1512 2696 viscera
1532 2665 1561 2695 A
1580 2674 1685 2704 corr.;

90 2729 126 2751 1v
147 2718 232 2750 1068
256 2719 354 2750 Vicus
376 2719 471 2756 enim,
503 2718 603 2749 Ulcus
623 2717 653 2748 A
673 2727 780 2750 corn:
808 2717 890 2748 thus
912 2718 948 2748 in
969 2727 1068 2758 every
1083 2719 1180 2758 place
1195 2718 1304 2749 where
1324 2718 1384 2750 the
1403 2718 1495 2750 word
1511 2728 1629 2751 occurs
1648 2719 1686 2751 in

90 2774 191 2806 Lucr.
215 2782 278 2804 our
300 2771 369 2804 sole
392 2771 537 2811 original
559 2771 737 2811 authority
760 2771 967 2803 substituted
990 2774 1002 2803 i
1027 2772 1080 2803 for
1104 2773 1136 2804 l:
1161 2771 1231 2803 this
1253 2782 1334 2812 may
1355 2781 1447 2803 serve
1469 2774 1505 2804 to
1529 2773 1619 2805 shew
1642 2782 1687 2805 on

91 2828 182 2860 what
203 2826 312 2867 sandy
331 2826 555 2858 foundations
575 2826 672 2858 Wak.
698 2826 821 2863 builds,
838 2826 936 2857 when
955 2826 998 2857 he
1020 2825 1206 2858 maintains
1225 2828 1332 2858 iacere
1354 2828 1533 2858 coniectum
1547 2837 1688 2859 umorem

91 2882 226 2923 against
240 2882 429 2918 conlectum,
449 2879 519 2911 and
534 2880 610 2920 fifty
625 2880 778 2911 suchlike
794 2890 898 2912 cases.
1031 2881 1113 2912 1205
1130 2882 1189 2920 qui
1203 2879 1323 2912 Lamb.
1340 2880 1392 2911 for
1407 2881 1472 2911 cul.

136 2936 218 2967 1212
236 2936 287 2966 his
303 2934 396 2966 Mon.
412 2933 506 2965 Brix.
523 2934 544 2965 J
547 2936 621 2965 unt.
639 2934 691 2965 for
705 2935 760 2965 iis.
809 2935 839 2965 is
854 2934 945 2966 Flor.
966 2935 1006 2965 31
1023 2934 1140 2966 Camb.
1307 2935 1487 2965 incesserat
1498 2933 1617 2966 Lamb.
1635 2935 1688 2966 for

90 2993 285 3023 incusserat.
461 2988 543 3020 1217
560 2989 685 3019 exeiret
699 2986 818 3026 Lamb.,
836 2989 942 3019 exiret
962 2987 1054 3019 Brix.
1075 2987 1128 3018 for
1143 2988 1276 3020 exciret.
1456 2987 1539 3020 1219
1553 2989 1686 3021 solibus.
