1997 3267
245 195 322 235 108
1004 195 1053 236 II

350 318 428 345 nec
458 303 599 345 minus
628 304 733 346 haec
763 304 954 346 animum
986 319 1234 360 cognoscere
1265 320 1388 361 posse
1418 322 1614 364 sagacem
1747 312 1832 362 840

352 387 479 429 quam
511 387 618 428 quae
649 378 751 414 sunt
781 373 876 414 aliis
905 373 1032 415 rebus
1062 373 1231 428 privata
1261 379 1422 417 notare.

409 441 495 484 Sed
525 457 578 483 ne
609 442 716 483 forte
747 447 874 497 putes
906 442 992 484 solo
1022 442 1203 497 spoliata
1233 443 1369 484 colore

352 526 523 566 corpora
552 511 689 566 prima
719 526 903 561 manere,
935 511 1067 553 etiam
1098 517 1262 553 secreta
1292 512 1452 568 teporis

351 584 451 620 sunt
481 594 529 620 ac
559 579 725 635 frigoris
756 579 927 621 omnino
958 579 1170 634 calidique
1201 580 1383 635 vaporis,

351 655 394 689 et
425 648 566 689 sonitu
597 648 743 689 sterila
772 653 817 689 et
847 663 946 689 suco
976 648 1121 690 ieiuna
1151 649 1358 701 feruntur,
1747 653 1827 704 845

351 731 428 758 nec
457 716 620 757 iaciunt
650 715 787 757 ullum
818 716 1036 771 proprium
1068 716 1120 757 de
1152 732 1323 773 corpore
1354 717 1536 761 odorem.

351 784 462 826 sicut
491 784 721 826 amaracini
750 783 956 825 blandum
988 790 1235 841 stactaeque
1266 786 1473 841 liquorem

350 861 394 897 et
424 855 545 896 nardi
575 855 732 904 florem,
763 860 910 896 nectar
939 855 1014 910 qui
1042 856 1217 897 naribus
1247 855 1376 904 halat,

350 939 447 965 cum
477 924 612 965 facere
642 923 855 974 instituas,
887 939 984 965 cum
1015 925 1164 980 primis
1195 940 1396 980 quaerere
1427 939 1504 980 par
1534 929 1612 976 est,

351 991 488 1047 quoad
518 992 618 1033 licet
647 1007 696 1033 ac
726 992 859 1047 possis
888 992 1084 1048 reperire,
1116 992 1318 1034 inolentis
1350 993 1452 1034 olivi
1747 995 1832 1044 850

349 1066 558 1110 naturam,
589 1060 748 1102 nullam
783 1075 891 1116 quae
921 1061 1070 1102 mittat
1100 1061 1275 1102 naribus
1305 1076 1465 1109 auram,

351 1144 478 1184 quam
510 1129 686 1171 minime
717 1134 767 1170 ut
798 1129 932 1184 possit
962 1129 1119 1171 mixtos
1150 1130 1195 1170 in
1225 1144 1397 1185 corpore
1429 1128 1576 1170 odores

351 1203 652 1253 concoctosque
682 1212 758 1239 suo
790 1204 1059 1239 contractans
1089 1197 1265 1253 perdere
1297 1197 1396 1247 viro,

350 1271 524 1321 propter
554 1266 733 1307 eandem
763 1281 853 1309 rem
883 1266 1043 1308 debent
1074 1266 1305 1321 primordia
1335 1281 1479 1308 rerum

350 1349 435 1375 non
465 1334 668 1376 adhibere
700 1349 826 1376 suum
856 1334 1090 1391 gignundis
1120 1334 1250 1376 rebus
1281 1334 1450 1377 odorem
1747 1338 1827 1389 855

350 1413 427 1440 nec
458 1400 657 1449 sonitum,
689 1400 890 1455 quoniam
921 1400 983 1440 nil
1012 1401 1067 1442 ab
1099 1415 1142 1441 se
1174 1400 1347 1442 mittere
1377 1406 1566 1456 possunt,

350 1482 429 1508 nec
459 1467 588 1508 simili
617 1468 781 1509 ratione
812 1482 1004 1523 saporem
1037 1468 1222 1523 denique
1253 1483 1514 1524 quemquam

350 1551 428 1577 nec
459 1536 591 1592 frigus
621 1551 759 1592 neque
790 1536 896 1577 item
927 1537 1113 1578 calidum
1147 1537 1427 1593 tepidumque
1460 1553 1672 1593 vaporem,

350 1610 511 1656 cetera3
557 1619 665 1660 quae
696 1619 794 1646 cum
825 1605 888 1645 ita
917 1610 1018 1646 sunt
1049 1610 1192 1646 tamen
1227 1610 1277 1646 ut
1308 1606 1505 1647 mortalia
1535 1612 1741 1657 constent,

351 1673 468 1714 molli
499 1674 626 1723 lenta,
658 1673 822 1729 fragosa
852 1673 980 1728 putri,
1012 1688 1114 1714 cava
1145 1688 1315 1729 corpore
1347 1689 1451 1724 raro,
1746 1676 1831 1719 860

351 1743 492 1784 omnia
521 1743 607 1784 sint
637 1757 663 1783 a
692 1742 912 1798 principiis
943 1742 1137 1783 seiuncta
1167 1748 1392 1792 necessest,

349 1810 591 1852 inmortalia
621 1811 656 1852 si
686 1810 882 1851 volumus
912 1811 1168 1867 subiungere
1199 1811 1326 1853 rebus

351 1879 629 1921 fundamenta
660 1879 817 1934 quibus
847 1879 1014 1920 nitatur
1043 1894 1212 1920 summa
1243 1879 1420 1932 salutis;

349 1963 403 1989 ne
434 1948 516 1990 tibi
544 1963 610 1990 res
640 1947 816 1989 redeant
847 1948 901 1988 ad
931 1948 1067 1989 nilum
1100 1948 1293 1990 funditus
1324 1964 1480 1992 omnes,

408 2015 451 2056 N
455 2031 536 2057 unc
567 2031 617 2058 ea
646 2031 755 2072 quae
786 2016 944 2057 sentire
975 2016 1169 2057 videmus
1200 2031 1383 2071 cumque
1414 2022 1626 2059 necessest
1743 2018 1821 2069 865

350 2098 402 2125 ex
432 2084 704 2126 insensilibus
735 2090 881 2126 tamen
912 2084 1055 2126 omnia
1084 2084 1311 2126 confiteare

349 2152 568 2208 principiis
599 2159 801 2195 constare.
860 2167 999 2207 neque
1030 2152 1074 2193 id
1105 2153 1347 2194 manufesta
1376 2153 1569 2195 refutant

350 2235 427 2261 nec
457 2226 603 2263 contra
631 2227 838 2277 pugnant,
868 2221 913 2262 in
943 2226 1145 2276 promptu
1176 2223 1347 2277 cognita
1377 2237 1486 2277 quae
1517 2229 1629 2274 sunt,

349 2289 424 2330 sed
453 2290 588 2345 magis
617 2290 710 2345 ipsa
740 2304 867 2330 manu
900 2289 1064 2330 ducunt
1095 2294 1139 2330 et
1170 2289 1339 2331 credere
1370 2296 1529 2346 cogunt

350 2372 401 2398 ex
432 2357 714 2407 insensilibus,
745 2357 858 2412 quod
889 2356 994 2406 dico,
1024 2357 1228 2398 animalia
1257 2357 1389 2413 gigni.
1742 2362 1827 2414 870

350 2426 507 2481 quippe
538 2425 681 2466 videre
711 2425 811 2466 licet
842 2425 958 2466 vivos
989 2425 1171 2466 existere
1202 2439 1368 2466 vermes

351 2500 531 2536 stercore
561 2494 614 2535 de
644 2500 794 2543 taetrO,
823 2499 1022 2548 putorem
1053 2508 1150 2534 cum
1182 2493 1264 2534 sibi
1295 2498 1421 2535 nacta
1451 2500 1516 2536 est

237 2619 288 2649 for
310 2618 524 2657 disperditur.
688 2616 750 2647 841
774 2622 889 2648 notare
911 2616 1013 2648 Lach.
1040 2616 1092 2647 for
1114 2622 1267 2656 notaque.
1443 2618 1505 2649 845
1529 2619 1645 2650 ieiuna
1666 2619 1757 2650 Flor.
1782 2621 1823 2652 31

238 2672 355 2704 Camb.
378 2674 441 2703 etc.
463 2671 515 2704 for
538 2675 570 2702 et
590 2681 669 2702 una.
854 2671 916 2702 846
928 2672 1111 2711 proprium.
1152 2672 1289 2710 proprio
1305 2670 1410 2702 Lach.
1427 2670 1510 2702 with
1525 2671 1622 2704 Junt.
1639 2675 1701 2704 not
1716 2673 1823 2711 Mar.;

236 2727 297 2758 but
320 2735 475 2766 compare
497 2725 572 2756 855.
616 2726 684 2755 ullo
707 2725 804 2757 Pont.
1062 2726 1125 2756 850
1143 2726 1260 2765 possis.
1304 2727 1395 2765 potis
1419 2735 1450 2756 es
1473 2725 1593 2757 Lamb.
1616 2726 1743 2759 Lach.:
1767 2737 1822 2760 see

238 2782 334 2811 notes
350 2781 381 2811 2.
613 2780 675 2810 853
690 2784 898 2810 contractans
913 2778 1030 2816 Lach.‚
1048 2778 1116 2810 and
1133 2789 1225 2811 some
1241 2789 1322 2811 mss.
1343 2780 1378 2811 of
1401 2780 1555 2811 Priscian
1570 2790 1605 2811 VI
1621 2781 1661 2813 91
1679 2781 1731 2812 for
1746 2792 1820 2814 con-

237 2839 368 2865 tractae.
417 2837 599 2864 contractos
614 2833 704 2872 vulg.
719 2843 849 2864 servare
868 2833 1033 2874 (superare
1050 2833 1195 2875 Forbig.)
1213 2839 1245 2865 et
1259 2835 1396 2874 perdere
1412 2834 1544 2866 Nonius
1558 2845 1591 2875 p.
1610 2836 1681 2867 188.

280 2888 343 2919 854
365 2888 504 2927 Propter
526 2888 660 2919 eandem
681 2897 749 2918 rem
771 2887 873 2920 Lach.
901 2890 992 2919 most
1015 2889 1106 2928 truly
1121 2889 1174 2919 for
1196 2889 1336 2929 Propter
1358 2890 1503 2921 eandem.
1547 2890 1727 2930 Propterea
1750 2895 1822 2923 tan-

239 2942 308 2971 dem
330 2940 420 2972 Flor.
445 2941 484 2972 31
508 2940 624 2972 Camb.
647 2940 747 2977 Mar„
771 2941 950 2981 Propterea
972 2942 1098 2972 demum
1120 2941 1254 2981 Lamb.,
1281 2941 1450 2982 absurdly.
1638 2944 1702 2976 860
1723 2945 1823 2976 Molli
