1997 3267
254 190 335 231 282
1035 188 1096 228 VI

366 300 411 337 et
441 294 639 336 rarefecit
669 293 807 336 calido
837 293 1046 351 gliscente
1077 309 1243 350 vapore,
1777 299 1860 350 870

366 379 510 406 rursus
541 364 586 406 in
616 364 818 420 antiquas
848 364 1032 407 redeunt
1063 364 1296 421 primordia
1326 365 1447 407 sedes

365 433 478 490 ignis
509 438 553 475 et
583 433 628 474 in
660 439 817 475 terram
855 433 969 475 cedit
1000 432 1113 474 calor
1142 433 1280 474 omnis
1311 434 1448 489 aquai.

368 502 548 558 frigidus
580 502 688 543 hanc
720 501 774 543 ob
804 516 895 543 rem
927 501 978 543 fit
1009 502 1101 543 fons
1131 501 1176 542 in
1209 501 1302 543 luce
1334 501 1497 544 diurna.

368 577 592 627 praeterea
622 570 721 613 solis
752 570 882 612 radiis
913 570 1100 612 iactatur
1130 571 1259 626 aquai

368 656 491 683 umor
521 648 567 683 et
596 641 641 682 in
674 641 812 683 lucem
845 640 1031 682 tremulo
1062 640 1237 682 rarescit
1268 640 1323 682 ab
1354 646 1501 693 aestu;
1776 645 1855 696 875

367 716 593 765 propterea
623 709 673 750 fit
706 709 771 750 uti
803 724 911 765 quae
942 709 1107 751 semina
1138 724 1321 765 cumque
1354 709 1486 752 habet
1517 710 1628 767 ignis

368 778 588 830 dimittat;
630 778 752 834 quasi
783 793 910 834 saepe
941 778 1099 835 gelum,
1131 778 1246 834 quod
1277 779 1471 821 continet
1502 779 1548 820 in
1578 794 1636 830 se,

370 848 508 890 mittit
540 855 585 891 et
616 849 776 891 exolvit
806 849 987 905 glaciem
1020 848 1236 904 nodosque
1268 848 1442 890 relaxat.

426 917 630 973 Frigidus
662 923 727 959 est
758 917 891 959 etiarn
923 916 1027 966 fons,
1058 931 1187 972 supra
1217 930 1346 971 quem
1378 916 1463 958 sita
1493 931 1619 973 saepe

368 991 527 1042 stuppa
558 986 659 1027 iacit
690 985 908 1026 flammam
941 991 1145 1040 concepto
1177 984 1373 1040 protinus
1404 985 1508 1041 igni,
1778 987 1862 1029 880

368 1056 581 1111 taedaque
613 1055 822 1097 consimili
854 1056 1020 1096 ratione
1052 1069 1229 1096 accensa
1260 1069 1336 1110 per
1366 1055 1503 1096 undas

369 1125 576 1174 conlucet,
607 1140 876 1181 quocumque
907 1130 1063 1166 natans
1094 1124 1334 1180 impellitur
1363 1124 1489 1166 auris.

368 1194 571 1236 nimirum
604 1194 706 1250 quia
736 1200 838 1236 sunt
870 1193 914 1235 in
945 1208 1058 1250 aqua
1089 1193 1306 1249 permulta
1336 1192 1504 1248 vaporis

369 1263 533 1305 semina
564 1263 617 1305 de
648 1269 847 1319 terraque
879 1268 1092 1304 necessest
1124 1262 1319 1303 funditus
1349 1261 1443 1318 ipsa

370 1333 481 1389 ignis
512 1347 686 1388 corpora
716 1348 791 1388 per
822 1338 964 1374 totum
996 1345 1250 1387 consurgere
1282 1331 1444 1372 fontem
1779 1333 1859 1385 885

371 1408 415 1444 et
445 1403 574 1445 simul
606 1402 820 1457 exspirare
853 1402 964 1444 foras
995 1402 1198 1456 exireque
1230 1400 1274 1442 in
1307 1415 1443 1450 auras,

370 1486 456 1513 non
487 1471 549 1512 ita
580 1471 719 1513 multa
749 1478 906 1519 tamen,
938 1469 1102 1511 calidus
1132 1474 1265 1523 queat
1296 1474 1347 1509 ut
1378 1468 1469 1510 fieri
1501 1468 1607 1519 fons,

371 1545 596 1596 propterea
627 1539 818 1596 dispersa
850 1540 960 1581 foras
991 1552 1216 1594 erumpere
1247 1537 1363 1593 cogit

372 1609 435 1650 vis
466 1623 542 1664 per
571 1623 727 1664 aquam
759 1608 904 1650 subito
935 1622 1191 1662 sursumque
1223 1621 1273 1648 ea
1304 1605 1530 1648 conciliari.

372 1678 485 1734 quod
515 1692 652 1734 genus
684 1677 795 1719 endo
825 1677 976 1719 marist
1007 1675 1142 1717 Aradi
1175 1676 1277 1725 sons,
1308 1675 1446 1717 dulcis
1476 1675 1604 1732 aquai
1781 1677 1866 1730 890

371 1747 447 1803 qui
477 1747 605 1789 scatit
636 1753 681 1789 et
711 1747 842 1789 salsas
873 1747 1032 1789 circum
1064 1761 1109 1788 se
1141 1745 1334 1787 dimovet
1365 1744 1526 1796 undas;

372 1822 417 1858 et
448 1817 596 1859 multis
627 1817 723 1858 aliis
755 1816 935 1872 praebet
965 1815 1213 1872 regionibus
1244 1829 1404 1870 aequor

372 1886 610 1928 utilitatem
643 1892 928 1942 opportunam
960 1885 1200 1927 sitientibu'
1232 1885 1390 1933 nautis,

374 1955 488 2011 quod
519 1955 654 1997 dulcis
685 1955 799 1997 inter
829 1955 960 1997 salsas
992 1954 1243 1996 intervomit
1275 1953 1423 1996 undas.

373 2024 433 2065 sic
463 2024 598 2081 igitur
629 2039 705 2080 per
735 2039 835 2066 eum
866 2028 1047 2079 possunt
1078 2037 1302 2078 erumpere
1338 2023 1500 2064 fontem
1779 2025 1857 2076 895

375 2099 419 2135 et
449 2099 611 2134 scatere
641 2093 716 2134 illa
747 2093 869 2141 foras,
902 2092 947 2133 in
979 2097 1182 2147 stuppam
1213 2091 1378 2132 semina
1409 2105 1520 2146 quae
1550 2105 1648 2133 cum

261 2202 346 2234 after
361 2201 450 2233 Bede
466 2201 517 2233 for
535 2203 664 2234 laticis:
688 2201 810 2233 Lamb.
827 2205 885 2233 too
901 2200 1032 2232 notices
1054 2200 1082 2231 it
1098 2199 1135 2231 in
1151 2201 1260 2232 notes.
1311 2209 1459 2239 saporem
1481 2198 1601 2231 Lamb.
1621 2198 1674 2230 for
1695 2208 1862 2240 vaporem:

261 2267 280 2290 a
295 2266 475 2297 necessary
491 2255 632 2296 change,
649 2255 780 2295 though
796 2255 887 2287 Bede
903 2255 976 2287 also
991 2254 1056 2287 has
1070 2265 1232 2295 vaporem.
1449 2253 1512 2286 870
1526 2254 1682 2294 gliscente
1697 2253 1796 2287 Wak.
1812 2254 1865 2288 for

263 2313 422 2351 miscente,
447 2313 455 2327 ‘
466 2311 636 2350 eleganter
651 2313 684 2343 et
700 2320 778 2342 vere
790 2311 797 2324 '
813 2320 893 2351 says
908 2309 1013 2342 Lach.
1150 2310 1212 2342 877
1230 2310 1394 2341 Dimittat
1410 2308 1528 2341 Gamb.
1548 2309 1601 2340 for
1614 2309 1792 2342 Demittat.

304 2367 368 2399 878
384 2366 546 2406 nodosque
562 2365 638 2397 Vat.
657 2365 741 2398 3276
759 2365 851 2397 Mon.
875 2365 947 2407 (not
962 2364 1051 2397 Flor.
1073 2364 1128 2405 31)
1146 2364 1246 2396 Pont.
1262 2363 1339 2396 Ald.
1358 2364 1376 2395 1
1393 2363 1567 2395 Candidus
1581 2365 1618 2396 at
1632 2364 1701 2396 end
1715 2365 1751 2397 of
1765 2365 1863 2405 Junt.

262 2421 313 2452 for
328 2422 500 2461 notosque.
549 2429 709 2461 ‘novosque
725 2420 754 2450 A
770 2429 856 2451 corr.
902 2428 1066 2459 venasque
1083 2418 1173 2450 Flor.
1196 2418 1236 2449 31
1254 2417 1373 2450 Camb.
1391 2419 1411 2449 3
1428 2417 1505 2450 Vat.
1526 2418 1611 2450 Mar.
1631 2418 1727 2452 Junt.

305 2475 367 2508 879
384 2475 542 2513 F1·i9idus
560 2473 649 2505 Flor.
669 2473 710 2504 31
728 2473 845 2505 Camb.
868 2472 961 2505 Mon.
981 2472 1059 2503 Ver.
1076 2471 1160 2504 Ven.
1181 2472 1367 2512 forsriyns.
1457 2473 1522 2505 887
1538 2472 1616 2504 Non
1630 2473 1682 2503 ita
1696 2473 1803 2504 multa
1818 2471 1863 2504 Is.

263 2528 360 2561 Voss.
378 2528 415 2560 in
431 2538 496 2560 ms.
514 2531 612 2559 notes
628 2528 680 2559 for
696 2528 772 2558 Non
787 2528 839 2558 ita
854 2528 963 2558 muita
977 2538 984 2558 :
1009 2525 1142 2566 though
1157 2525 1304 2557 Haverc.
1321 2525 1417 2557 knew
1433 2525 1471 2557 of
1493 2525 1574 2565 this,
1593 2525 1729 2558 neither
1743 2526 1787 2558 he
1801 2536 1866 2559 nor

264 2593 332 2624 any
348 2583 458 2615 editor
473 2583 586 2615 before
601 2581 708 2614 Lech.
722 2580 870 2622 adopted
885 2581 922 2613 it.
965 2581 1042 2613 Non
1055 2586 1123 2612 tam
1138 2582 1211 2612 vita
1226 2579 1321 2612 Nice.
1358 2581 1435 2612 Non
1447 2585 1515 2612 tam
1528 2581 1635 2612 multa
1650 2580 1748 2614 Pont.
1789 2581 1866 2613 Non

265 2643 331 2670 tam
346 2641 426 2670 viva
441 2638 531 2678 vulg.
665 2638 728 2668 888
744 2637 926 2677 Propterea
941 2635 1047 2667 Lach.
1064 2635 1116 2666 for
1131 2636 1323 2666 Praeterea.
1456 2635 1519 2667 890
1534 2637 1653 2667 marist
1668 2636 1777 2667 Aradi
1785 2638 1865 2677 som

265 2693 363 2726 Bern.
383 2691 488 2724 Lach.
506 2692 674 2723 formaris
700 2696 800 2731 parat
820 2692 916 2730 sons:
941 2700 961 2721 a
977 2690 1109 2721 certain
1133 2689 1332 2727 correction,
1350 2698 1388 2720 as
1408 2689 1438 2720 A
1459 2687 1528 2720 and
1542 2689 1572 2720 B
1594 2688 1682 2721 have
1696 2689 1781 2721 each
1793 2689 1865 2722 this

267 2747 414 2786 heading
432 2748 441 2763 ‘
453 2746 493 2778 de
509 2746 604 2777 fonte
621 2745 717 2776 aradi
733 2745 770 2775 in
787 2744 909 2775 mare’.
955 2746 1041 2775 mari
1057 2745 1186 2775 Aradio
1197 2745 1275 2784 sons
1293 2743 1336 2774 Is.
1358 2743 1454 2775 Voss.
1474 2742 1512 2774 in
1528 2752 1592 2776 ms,
1612 2746 1723 2775 notes.
1777 2745 1866 2775 mari

265 2803 372 2843 spirat
381 2801 458 2841 fons
474 2800 564 2831 Flor.
582 2801 622 2831 31
640 2799 758 2831 Camb.
777 2798 862 2830 Mar.
881 2800 945 2829 etc.
1078 2798 1140 2830 889
1157 2798 1335 2829 conciliari
1350 2796 1472 2828 Lamb.
1489 2797 1542 2828 for
1557 2798 1749 2829 conciliare.

310 2856 373 2887 892
384 2854 519 2894 praebet
535 2853 624 2885 Flor.
645 2853 686 2884 31
703 2851 823 2884 Camb.
841 2851 928 2883 Mar.
944 2851 1041 2882 Junt.
1059 2851 1111 2883 for
1122 2856 1269 2891 praeter.
1382 2852 1444 2882 894
1461 2851 1567 2882 dulcis
1583 2850 1673 2882 Flor.
1690 2850 1731 2882 31
1748 2850 1864 2882 Gamb.

269 2909 344 2940 Ver.
361 2909 446 2940 Ven.
462 2908 514 2940 for
530 2909 647 2939 dulcit.
822 2907 885 2939 896
902 2916 985 2947 quae
1002 2906 1086 2938 Ven.
1105 2908 1179 2947 (que
1196 2915 1277 2936 mss.
1294 2905 1389 2936 Brix.
1406 2904 1497 2944 Ver.)
1514 2904 1641 2945 rightly
1655 2904 1808 2937 retained
1822 2904 1866 2945 by

268 2963 310 2994 N.
326 2962 363 2993 P.
381 2961 529 2994 Howard
544 2961 619 2993 who
635 2962 781 2992 corrects
795 2960 852 2992 old
867 2959 1107 2999 punctuation.
1154 2970 1216 3000 quo
1233 2958 1353 2990 Lamb.
1369 2958 1469 2998 vulgo
1484 2958 1589 2991 Lach-

1982 2467 1994 2485 -n
