1997 3267
135 173 214 213 128

912 165 986 208 III

247 280 388 319 noenu
420 279 574 332 potest.
637 274 773 331 igitur
802 273 1057 329 parvissima
1086 287 1261 328 corpora
1290 287 1497 329 proquam

248 350 293 387 et
323 344 543 386 levissima
573 348 685 392 sunt,
716 342 780 384 ita
809 341 1053 383 mobilitate
1084 341 1312 392 fruuntur3

247 419 295 456 at
325 418 474 455 contra
505 426 801 469 quaecumque
832 411 968 466 magis
999 425 1098 452 cum
1128 410 1316 465 pondere
1346 424 1501 466 magno

248 497 483 538 asperaque
514 481 808 530 inveniuntur,
839 494 889 521 eo
919 479 1113 521 stabilita
1143 479 1282 535 magis
1311 484 1425 522 sunt.

247 567 363 594 nunc
393 551 529 607 igitur
559 550 762 606 quoniam
794 555 852 592 est
882 549 1016 591 animi
1046 556 1203 591 natura
1232 555 1404 604 reperta

250 619 423 661 mobilis
454 618 637 675 egregie,
669 632 875 673 perquam
907 622 1100 659 constare
1130 623 1345 659 necessest

250 689 497 744 corporibus
526 687 670 744 parvis
700 692 745 729 et
776 687 942 729 levibus
973 693 1103 742 atque
1134 687 1346 728 rutundis.

250 773 362 814 quae
393 758 475 799 tibi
506 757 679 814 cognita
709 771 776 799 res
807 756 853 798 in
883 757 1044 806 multia
1076 771 1100 798 o
1130 756 1251 806 bone,
1284 756 1412 798 rebus

250 827 375 869 utilis
405 826 652 868 invenietur
683 832 727 868 et
758 832 999 882 opportuna
1029 826 1203 867 cluebit.

252 896 357 938 haec
389 911 559 952 quoque
590 910 658 937 res
688 896 821 938 etiam
852 901 1054 937 naturam
1084 895 1256 937 dedicat
1287 895 1390 945 eius,

252 981 381 1022 quam
413 966 537 1008 tenui
567 971 736 1007 constet
766 972 942 1007 textura
972 980 1185 1021 quamque
1217 965 1307 1007 loco
1338 979 1383 1007 se

252 1035 472 1077 contineat
503 1050 649 1090 parvo,
679 1035 715 1076 si
746 1035 880 1090 possit
911 1034 1228 1091 conglomerari,

253 1105 367 1162 quod
398 1105 526 1146 simul
557 1110 690 1160 atque
722 1104 939 1146 hominem
971 1104 1047 1146 leti
1078 1119 1227 1145 secura
1257 1103 1378 1159 quies
1409 1108 1476 1145 est

253 1173 435 1229 indepta
466 1179 597 1228 atque
628 1172 763 1214 animi
792 1178 950 1213 natura
979 1173 1234 1227 animaeque
1264 1171 1451 1221 recessit,

253 1242 315 1284 nil
346 1242 409 1284 ibi
441 1242 625 1283 libatum
656 1241 709 1282 de
740 1246 832 1283 toto
863 1256 1034 1296 corpore
1065 1255 1213 1282 cernas

255 1312 310 1354 ad
342 1311 542 1367 speciem,
572 1310 634 1352 nil
665 1310 719 1351 ad
752 1309 944 1365 pondus:
987 1324 1099 1351 mors
1130 1309 1273 1350 omnia
1302 1315 1497 1364 praestat

255 1380 434 1422 vitalem
466 1386 637 1435 praeter
667 1394 840 1421 sensum
872 1378 1145 1434 calidumque
1177 1393 1388 1434 vaporem.

256 1463 355 1504 ergo
385 1450 574 1490 animam
607 1454 743 1490 totam
775 1448 993 1503 perparvis
1024 1462 1113 1489 esse
1145 1453 1358 1489 necessest

257 1518 504 1568 seminibus,
534 1533 690 1559 nexam
720 1532 798 1572 per
828 1532 957 1558 venas
989 1516 1151 1558 viscera
1181 1520 1358 1568 nervos3

258 1592 482 1643 quatenus,
513 1586 652 1628 omnis
681 1585 758 1627 ubi
789 1600 811 1626 e
843 1591 936 1626 toto
966 1585 1051 1626 iarn
1083 1599 1254 1640 corpore
1285 1585 1423 1634 cessit,

258 1656 422 1698 extima
452 1655 742 1696 membrorum
774 1654 1111 1696 circumcaesura
1141 1660 1289 1696 tamen
1319 1669 1363 1696 se

258 1725 520 1768 incolumem
552 1729 743 1780 praestat
773 1738 851 1764 nec
882 1723 988 1764 defit
1020 1722 1220 1778 ponderis
1250 1723 1400 1765 hilum.

259 1795 373 1851 quod
405 1808 542 1850 genus
573 1798 639 1834 est
670 1792 829 1834 Bacchi
860 1807 956 1833 cum
990 1792 1066 1834 flos
1097 1792 1276 1834 evanuit
1309 1798 1387 1834 aut
1419 1808 1517 1834 cum

260 1864 438 1920 spiritus
468 1862 683 1918 unguenti
713 1862 859 1904 suavis
890 1862 1066 1919 diffugit
1096 1863 1142 1903 in
1173 1877 1297 1904 auras

260 1938 338 1975 aut
368 1932 511 1988 aliquo
541 1946 640 1973 cum
670 1931 757 1972 iam
787 1945 914 1972 sucus
945 1931 998 1972 de
1028 1946 1200 1986 corpore
1231 1931 1381 1983 cessit3

261 2003 323 2045 nil
357 2002 491 2044 oculis
522 2007 670 2043 tamen
701 2014 791 2042 esse
822 2000 963 2041 minor
992 2015 1059 2042 res
1090 2000 1184 2056 ipsa
1212 2000 1386 2042 videtur

263 2074 489 2125 propterea
517 2082 658 2123 neque
689 2067 933 2108 detractum
964 2066 1016 2108 de
1048 2067 1235 2121 pondere
1267 2067 1509 2123 quicquam,

265 2137 470 2179 nimirum
502 2136 603 2192 quia
632 2135 772 2177 multa
802 2135 1058 2190 minutaque
1089 2135 1255 2177 semina
1284 2150 1407 2177 sucos

266 2206 458 2249 efficiunt
488 2212 533 2247 et
563 2205 734 2246 odorem
765 2204 811 2246 in
842 2210 934 2246 toto
965 2219 1136 2260 corpore
1167 2220 1321 2248 rerum.

266 2276 398 2332 quare
430 2275 563 2316 etiam
591 2281 722 2330 atque
753 2274 885 2316 etiam
917 2274 1076 2315 mentis
1105 2280 1307 2316 naturam
1337 2276 1592 2332 animaeque

267 2344 373 2387 scire
405 2344 507 2386 licet
536 2358 743 2399 perquam
773 2343 977 2399 pauxillis
1008 2358 1098 2385 esse
1130 2350 1318 2385 creatam

267 2412 516 2463 seminibus,
547 2412 749 2468 quoniam
780 2412 948 2467 fugiens
977 2411 1039 2452 nil
1071 2412 1269 2467 ponderis
1299 2413 1451 2454 aufert.

327 2481 421 2522 Nec
450 2486 597 2522 tamen
628 2480 733 2522 haec
763 2480 944 2536 simplex
974 2480 1098 2522 nobis
1128 2486 1285 2523 natura
1314 2481 1510 2536 putanda
1539 2488 1615 2524 est.

271 2550 412 2593 tenvis
443 2549 559 2591 enim
590 2549 801 2605 quaedam
832 2549 1109 2592 moribundos
1139 2550 1298 2592 deserit
1328 2566 1433 2593 aura

1659 352 1746 383 200

1661 695 1742 738 205

1663 1045 1750 1077 210

1664 1390 1744 1433 215

1666 1736 1752 1768 220

1669 2080 1751 2123 225

1672 2426 1757 2468 230

161 2715 254 2747 older
276 2712 403 2745 editors
425 2721 483 2744 are
504 2711 638 2745 absurd.
687 2714 867 2745 conlectum
883 2713 1039 2745 Muretus
1056 2713 1108 2744 for
1123 2715 1305 2746 coniectum
1320 2713 1433 2746 which
1447 2713 1566 2747 Lamb.
1591 2723 1757 2755 approves

159 2770 195 2801 of
216 2769 253 2800 in
267 2768 323 2799 his
337 2770 436 2799 notes
452 2767 521 2798 and
536 2767 641 2799 Lach.
659 2767 787 2808 rightly
802 2768 935 2808 adopts.

1174 2769 1236 2799 203
1253 2774 1301 2800 est
1317 2768 1425 2800 added
1440 2769 1527 2800 after
1542 2770 1699 2809 quoniam
1713 2769 1759 2811 by

160 2824 258 2855 Pont.
292 2822 377 2854 Mar.
409 2821 483 2854 Ald.
519 2821 537 2852 1
568 2821 664 2853 Junt.
709 2823 742 2854 It
772 2822 802 2854 is
833 2822 942 2854 added
973 2824 1009 2854 at
1041 2823 1100 2854 the
1130 2823 1197 2854 end
1229 2823 1264 2855 of
1294 2823 1352 2855 the
1382 2833 1477 2854 verse
1513 2822 1559 2864 by
1587 2823 1679 2855 Flor.
1715 2825 1756 2856 31

161 2877 278 2909 Camb.
410 2876 473 2907 210
488 2878 517 2907 si
533 2875 586 2907 for
600 2886 633 2907 se
649 2875 740 2908 Nico.
758 2877 851 2908 Mon.
868 2877 944 2910 Ver.
964 2876 1048 2910 Ven·
1067 2879 1129 2909 not
1144 2877 1171 2907 F
1174 2878 1235 2909 lor.
1253 2878 1293 2908 31
1310 2887 1349 2909 or
1365 2877 1483 2909 Camb.

162 2933 278 2964 oculis.
330 2933 338 2949 ⁶
351 2930 416 2970 leg.
434 2931 506 2963 nilo
518 2932 525 2945 ²
542 2930 663 2962 Heius.
681 2931 718 2962 in
732 2941 796 2964 ms.
817 2934 928 2964 notes.

1616 2878 1679 2908 224
1695 2880 1758 2910 Nil

1089 2932 1153 2965 227
1168 2941 1287 2963 rerum.
1331 2932 1382 2963 rei
1396 2930 1516 2970 Lach.,
1531 2930 1550 2962 1
1565 2940 1642 2963 now
1657 2931 1760 2964 think
