1997 3267
191 204 266 254 158
953 200 1025 241 ΠΙ

297 308 371 349 sed
402 307 504 349 dum
536 308 657 349 abest
688 308 800 363 quod
832 323 1018 356 avemus,
1049 308 1093 349 id
1125 322 1376 363 exsuperare
1407 308 1579 350 videtur

296 381 460 426 cetera3
500 380 595 430 post
625 375 745 424 aliut,
776 390 874 416 cum
905 375 1087 431 contigit
1118 375 1236 424 illud,
1267 389 1442 416 avemus

296 451 340 485 et
371 444 464 485 sitis
494 459 631 499 aequa
661 449 781 485 tenet
812 443 918 485 vitai
950 458 1117 499 semper
1147 443 1316 484 hiantis.

295 518 546 567 posteraque
578 512 623 553 in
653 512 826 553 dubiost
858 512 1071 553 fortunam
1104 526 1232 567 quam
1264 511 1394 552 vehat
1425 517 1554 562 aetas,
1668 514 1772 565 1085

295 581 451 636 quidve
482 581 588 622 ferat
618 580 739 622 nobis
770 595 891 622 casus
922 581 1048 635 quive
1080 581 1221 622 exitus
1251 580 1396 622 instet.

295 664 372 690 nec
402 664 594 704 prorsum
627 648 760 689 vitam
793 648 985 690 ducendo
1015 648 1227 690 demimus
1257 648 1395 689 hilum

295 722 486 771 tempore
517 715 569 756 de
600 715 749 756 mortis
780 730 858 756 nec
888 715 1076 756 delibare
1108 715 1309 763 valemus,

294 799 377 838 quo
407 784 549 824 minus
580 798 669 824 esse
701 783 775 824 diu
807 783 1018 838 possimus
1048 783 1156 824 forte
1186 783 1409 838 perempti.

294 852 468 908 proinde
499 852 598 893 licet
629 858 734 907 quot
764 852 827 893 vis
859 851 1039 893 vivendo
1069 852 1247 893 condere
1279 852 1440 904 saecla3
1666 864 1775 906 1090

294 935 405 961 mors
435 925 611 961 aeterna
640 925 787 961 tamen
818 920 905 961 nilo
936 920 1078 961 minus
1109 920 1183 961 illa
1214 920 1416 970 manebit,

293 1002 370 1028 nee
401 987 543 1028 m'mus
574 987 645 1028 ille
677 987 751 1028 diu
784 987 869 1028 iam
901 1003 986 1028 non
1017 987 1108 1035 erit,
1140 1002 1191 1028 ex
1223 987 1426 1028 hodierno

293 1057 455 1098 lumine
487 1057 560 1112 qui
590 1057 719 1098 finem
752 1057 857 1098 vitai
888 1057 1001 1106 feeit,
1032 1063 1076 1098 et
1108 1056 1190 1106 ille,

293 1125 509 1166 mensibus
540 1131 670 1180 atque
701 1125 824 1166 annis
855 1126 929 1181 qui
960 1126 1109 1167 multis
1140 1125 1293 1167 oceidit
1323 1130 1437 1168 ante.

178 1260 288 1290 before
304 1259 423 1290 Lamb.
441 1259 492 1290 for
510 1260 602 1291 Certe
619 1261 786 1299 equidem:
812 1260 911 1291 Lucr.
929 1270 1008 1301 may
1022 1260 1108 1292 have
1125 1261 1258 1292 written
1275 1262 1434 1301 equidem.
1607 1261 1690 1293 1085
1699 1262 1771 1303 sor-

179 1318 291 1344 tunam
315 1313 389 1343 Ald.
417 1313 433 1343 1
460 1313 555 1344 Junt.
588 1313 662 1343 first
688 1313 739 1344 for
757 1314 909 1353 fortuna.
1059 1314 1141 1345 1088
1167 1315 1312 1345 delibare
1338 1315 1438 1345 Pont.
1472 1314 1558 1346 Mar.
1589 1315 1684 1349 Junt.
1720 1316 1772 1348 for

177 1369 369 1398 deliberare.
415 1368 577 1398 delibrare
593 1367 720 1398 Avanc.
737 1367 857 1399 Lamb.
906 1368 947 1398 (ί.
964 1368 1138 1407 devitare‚⁷
1157 1369 1275 1400 Heins.
1294 1368 1329 1399 in
1346 1379 1408 1401 ωε.
1428 1373 1537 1401 notes.

222 1421 304 1452 1089
324 1421 484 1460 possimus
504 1421 593 1460 forte
618 1421 710 1451 Nice.
736 1421 764 1451 B
790 1431 874 1452 corr.
900 1421 987 1453 Flor.
1015 1423 1055 1453 31
1078 1422 1194 1453 Camb.
1218 1422 1310 1454 Brix.
1334 1422 1408 1453 Ver.
1429 1422 1512 1454 Ven.
1536 1422 1587 1453 for
1602 1433 1771 1463 possumus

179 1475 269 1509 forte.
359 1478 443 1504 sorte
473 1473 548 1506 ΑΜ.
582 1474 599 1505 1
631 1474 712 1505 Pius
743 1474 840 1506 Junt.
872 1475 1073 1515 Naugerius.
1142 1481 1241 1508 morte
1272 1476 1392 1508 Lamb.
1424 1476 1519 1509 first-2
1555 1486 1600 1508 no
1632 1477 1770 1510 ‘Italus’

177 1527 289 1559 before
313 1526 398 1558 him.
