1997 3267
859 164 883 207 1
1624 166 1676 218 65

191 289 343 329 corpus
375 279 419 316 et
449 274 585 316 aerias
615 288 740 315 auras
769 287 994 328 roremque
1027 272 1215 328 liquoris,

192 343 251 384 nil
286 343 330 384 in
362 343 539 384 concilio
569 349 769 383 naturam
801 347 851 382 ut
882 347 1025 382 mutet
1056 356 1214 392 eorum,

192 411 313 452 nulla
342 411 424 452 tibi
455 426 507 452 ex
538 411 622 451 illis
652 410 813 466 poterit
844 424 911 451 res
942 424 1032 451 esse
1064 416 1218 459 creata,

191 495 277 521 non
307 480 515 530 animans,
544 495 630 521 non
661 479 858 521 exanimo
889 493 986 520 cum
1019 494 1202 534 corpore,
1234 485 1283 520 ut
1314 478 1462 520 arbos:

191 549 350 605 quippe
381 564 503 590 suam
535 548 718 604 quicque
750 547 795 588 in
825 553 949 589 coetu
981 548 1187 590 variantis
1218 549 1356 590 accrvi
1596 558 1675 602 775

191 623 390 660 naturam
422 617 620 660 ostendet
652 617 898 672 mixtusque
929 617 1147 659 videbitur
1176 632 1249 659 aer

190 702 288 728 curn
319 692 433 728 terra
462 685 590 727 simul
621 691 751 740 atque
783 685 907 726 ardor
937 700 1035 726 cum
1065 700 1157 727 rore
1190 700 1370 728 manere.

191 761 237 797 at
267 755 499 811 primordia
528 754 762 810 gignundis
792 754 837 795 in
868 754 995 795 rebus
1026 760 1194 809 oportet

190 829 389 866 naturam
420 823 729 865 clandestinam
761 838 1015 878 caecamque
1045 823 1261 873 adhibere,

191 892 379 933 emineat
408 891 568 947 nequid
599 891 712 947 quod
743 897 891 932 contra
921 896 1085 948 pugnet
1117 897 1161 933 et
1191 892 1333 933 obstet
1594 892 1680 944 780

191 961 418 1017 quominus
448 975 539 1002 esse
570 966 701 1016 queat
734 961 901 1016 proprie
932 961 1231 1017 quodcumque
1263 966 1440 1002 creatur.

253 1030 369 1082 Quin
401 1030 530 1071 etiam
564 1035 769 1085 repetunt
799 1044 825 1071 a
854 1030 969 1071 caelo
1000 1036 1130 1085 atque
1162 1030 1334 1086 ignibus
1364 1030 1455 1070 eius

191 1104 236 1142 et
266 1100 454 1155 primum
487 1099 650 1141 faciunt
681 1100 826 1155 ignem
858 1114 903 1141 se
934 1105 1101 1140 vertere
1133 1099 1178 1140 in
1208 1113 1333 1140 auras

191 1168 312 1217 aeris,
342 1167 442 1209 hinc
472 1167 653 1209 imbrem
685 1167 806 1224 gigni
837 1173 1081 1223 terramque
1112 1167 1245 1209 creari

191 1253 244 1280 ex
274 1237 402 1279 imbri
431 1243 630 1293 retroque
661 1252 686 1278 a
718 1243 831 1278 terra
861 1243 1015 1278 cuncta
1046 1236 1216 1286 reverti,
1594 1237 1676 1289 785

191 1321 383 1348 umorem
415 1306 614 1361 primum,
645 1312 742 1362 post
772 1321 880 1355 aera,
912 1305 1066 1347 deinde
1098 1305 1292 1356 calorem,

191 1391 269 1418 nec
299 1391 459 1418 cessare
491 1377 596 1418 haec
626 1376 741 1418 inter
770 1391 815 1418 se
847 1381 1025 1425 mutare,
1057 1389 1197 1416 meare

191 1459 218 1486 a
247 1445 362 1487 caelo
392 1445 447 1487 ad
478 1451 649 1494 terram,
679 1445 732 1487 de
764 1450 879 1487 terra
908 1444 963 1485 ad
993 1443 1134 1485 sidera
1165 1443 1324 1484 mundi.

192 1514 303 1570 quod
336 1515 472 1557 facere
503 1514 618 1556 haud
649 1514 735 1556 ullo
766 1514 926 1556 debent
956 1513 1188 1569 primordia
1219 1518 1366 1568 pact03

191 1583 463 1625 immutabile
494 1584 608 1625 enim
640 1583 845 1639 quiddam
876 1597 1075 1638 superare
1105 1587 1332 1631 necessest,
1595 1590 1682 1634 790

191 1667 246 1694 ne
275 1666 343 1694 res
372 1652 426 1693 ad
457 1652 594 1694 nilum
625 1652 877 1709 redigantur
907 1651 1102 1693 funditus
1133 1666 1288 1692 omnes.

191 1735 292 1762 nam
323 1721 622 1777 quodcumque
652 1723 741 1763 suis
772 1726 990 1762 mutatum
1021 1720 1179 1761 finibus
1209 1720 1310 1769 exit,

192 1790 395 1832 continuo
426 1790 504 1832 hoc
534 1805 646 1832 mors
676 1798 742 1832 est
772 1790 888 1832 illius
919 1789 1032 1846 quod
1064 1790 1146 1831 fuit
1177 1795 1288 1831 ante.

194 1865 454 1915 quapropter
484 1860 685 1915 quoniam
716 1874 825 1915 quae
857 1859 984 1915 paulo
1014 1859 1201 1900 diximus
1231 1863 1332 1899 ante

194 1929 241 1970 in
271 1934 583 1970 commutatum
616 1929 808 1978 veniunt,
838 1934 1031 1970 constare
1061 1933 1274 1970 necessest
1597 1935 1678 1980 795

194 2011 246 2039 ex
277 1997 372 2039 aliis
403 2012 464 2046 ea,
495 2012 603 2053 quae
633 2003 851 2052 nequeant
882 1996 1119 2038 convertier
1149 2009 1345 2051 usquam,

194 2081 248 2108 ne
279 2066 361 2107 tibi
391 2081 458 2108 res
487 2067 666 2108 redeant
696 2066 750 2107 ad
779 2066 918 2108 nilum
950 2065 1145 2107 funditus
1176 2079 1334 2108 omnes.

195 2134 300 2190 quin
331 2135 474 2189 potius
504 2135 582 2176 tali
612 2141 769 2176 natura
798 2135 995 2190 praedita
1024 2134 1236 2190 quaedam

194 2217 368 2259 corpora
397 2204 646 2254 constituas,
676 2204 820 2260 ignem
850 2203 887 2245 si
917 2204 1024 2245 forte
1056 2202 1249 2252 crearint,

194 2287 316 2328 posse
346 2272 496 2314 eadem
526 2273 716 2329 demptis
745 2273 894 2329 paucis
923 2272 1156 2328 paucisque
1186 2270 1375 2320 tributis,
1598 2270 1682 2311 800

78 2445 148 2485 ing.
331 2445 395 2478 772
410 2450 449 2477 ut
463 2444 492 2476 B
510 2455 594 2477 corr.
615 2445 706 2477 Flor.
723 2445 764 2476 31
782 2444 901 2477 Oamb.
921 2444 974 2476 for
992 2449 1035 2476 et.
1225 2443 1288 2476 774
1304 2444 1457 2475 animans
1473 2444 1572 2476 Pont.
1595 2443 1679 2476 Mar.

78 2499 175 2531 Junt.
192 2500 246 2531 for
260 2501 401 2531 animas.
535 2501 597 2533 775
614 2501 757 2540 quicque
773 2500 811 2530 in
825 2504 919 2530 coetu
935 2499 1022 2530 Mar.
1039 2498 1136 2530 Junt.
1157 2497 1209 2529 for
1225 2499 1362 2538 quisque
1377 2499 1414 2529 in
1431 2503 1566 2530 coetum.

122 2554 186 2587 776
201 2555 348 2586 ostendet
362 2554 455 2586 Flor.
472 2554 512 2586 31
529 2554 656 2585 Avanc.
674 2554 726 2585 for
741 2554 896 2585 ostendit.
1099 2553 1160 2585 777
1177 2557 1247 2592 atq.
1261 2553 1361 2583 ardor
1376 2562 1449 2583 cum
1467 2562 1539 2583 rore
1560 2552 1680 2585 Lamb.

80 2609 213 2650 aeutely
235 2609 289 2641 for
312 2614 345 2640 et
367 2610 509 2650 quodam
531 2619 605 2640 cum
626 2618 710 2640 rore.
915 2608 978 2640 778
1000 2608 1096 2638 rebus
1118 2611 1255 2647 oportet.
1279 2606 1369 2638 rebu’
1391 2612 1550 2639 necessest
1575 2607 1681 2638 Lach.

78 2661 183 2694 Bern.
210 2661 355 2693 without
385 2672 454 2703 any
476 2661 666 2702 necessity:
704 2661 732 2693 if
761 2661 898 2692 Ennius
924 2661 1046 2692 Accius
1078 2661 1206 2692 Seneca
1237 2660 1403 2697 Catullus,
1427 2659 1536 2700 Virgil
1561 2659 1600 2691 in
1626 2660 1682 2692 his

78 2716 244 2756 eclogues,
267 2715 465 2755 Propertius
488 2715 576 2746 Ovid
597 2714 666 2747 and
690 2714 805 2747 others
828 2725 891 2746 can
914 2724 974 2746 use
997 2714 1056 2746 the
1078 2713 1179 2753 word,
1206 2713 1234 2745 it
1256 2713 1286 2744 is
1309 2715 1372 2745 not
1394 2716 1451 2745 too
1474 2713 1607 2753 prosaic
1630 2714 1683 2746 for

77 2770 176 2803 Lucr.
312 2771 376 2802 780
394 2772 550 2802 Emineat
564 2770 757 2810 Naugerius
773 2769 849 2800 first
864 2769 917 2801 for
933 2771 1109 2801 demineat.
1256 2769 1317 2802 781
1335 2774 1469 2801 creatur
1482 2768 1512 2799 A
1527 2778 1613 2800 corr.
1629 2769 1683 2800 for

79 2829 223 2857 creatas.
355 2824 418 2857 784
442 2824 504 2857 785
529 2825 605 2855 hinc
627 2825 774 2860 imbrem,
798 2834 838 2855 ex
861 2825 973 2860 imbri,
998 2833 1020 2854 a
1043 2828 1135 2855 terra
1157 2823 1243 2854 Mar.
1267 2822 1344 2854 Ald.
1370 2823 1388 2853 1
1415 2822 1485 2854 and
1511 2823 1608 2854 Junt.
1632 2823 1683 2855 for

80 2877 157 2908 hinc
173 2879 292 2917 ignem,
309 2887 350 2909 ex
365 2878 449 2917 iym',
467 2878 504 2908 in
520 2882 642 2909 terram
657 2889 664 2908 :
688 2876 747 2908 the
762 2876 893 2916 change
911 2876 942 2907 is
961 2875 1206 2917 peremptorily
1220 2876 1396 2916 required:
1426 2877 1582 2908 Catullus
1603 2877 1643 2908 62
1665 2879 1682 2910 7

79 2930 196 2961 imbres
221 2940 301 2961 mss.
327 2930 379 2961 for
401 2932 504 2970 iynes.
648 2932 711 2964 789
729 2935 830 2971 pacto
855 2929 947 2960 Mon.
972 2929 1048 2962 AJd.
1077 2930 1095 2961 1
1118 2930 1216 2961 Junt.
1240 2930 1294 2961 for
1309 2931 1419 2970 facto.
1562 2930 1625 2962 806
1648 2935 1682 2962 ut

198 3007 241 3036 M.
1546 2999 1569 3037 5
