1997 3267
236 181 316 222 116
1007 181 1056 222 II

344 288 521 329 tandem
552 288 746 329 celarunt
778 302 828 329 ea
858 303 968 342 quae
999 288 1190 330 coniecta
1219 293 1398 344 repente

343 371 596 412 magnarum
626 371 770 398 rerum
802 356 954 398 fierent
986 357 1158 398 exordia
1188 371 1365 412 semper,

342 425 473 467 terrai
503 425 631 466 maris
663 431 707 466 et
737 425 844 466 caeli
873 426 1127 480 generisque
1158 425 1440 468 animantum.

344 508 474 548 quare
506 493 637 534 etiam
669 498 800 548 atque
832 493 963 534 etiam
996 494 1096 535 talis
1127 494 1287 535 fateare
1317 509 1488 536 necesse
1521 500 1586 537 est

345 576 434 603 esse
466 562 570 602 alios
600 561 704 602 alibi
734 576 982 618 congressus
1013 562 1221 611 materiai,
1723 567 1826 618 1065

343 630 480 687 qualis
511 630 580 671 hic
612 635 687 679 est,
721 630 845 671 avido
875 631 1099 686 complexu
1130 646 1258 686 quem
1289 636 1411 673 tenet
1441 633 1600 674 aether.

401 699 628 740 Praeterea
658 713 755 740 cum
786 699 987 740 materies
1018 704 1084 740 est
1115 700 1254 740 multa
1284 705 1446 754 parata,

342 783 440 810 cum
471 768 587 809 106115
618 773 684 809 est
715 774 885 823 praesto
915 783 993 810 nec
1023 783 1090 810 res
1120 783 1198 810 nec
1229 784 1356 810 causa
1386 775 1578 811 moratur

344 836 443 885 ulla,
475 835 567 891 geri
597 835 758 876 debent
788 835 994 876 nimirum
1026 841 1070 877 et
1101 836 1273 878 confieri
1302 852 1379 879 res.

340 917 455 944 nunc
486 908 531 944 et
561 902 797 943 seminibus
827 903 863 944 51
894 908 1018 945 tanta
1048 909 1113 945 est
1143 905 1265 960 copia
1295 910 1503 960 quantam
1722 918 1831 960 1070

341 987 591 1014 enumerare
622 977 740 1013 aetas
771 972 1041 1014 animantum
1071 988 1157 1014 non
1188 980 1318 1029 queat
1349 975 1497 1024 omnis,

340 1041 482 1097 visque
512 1041 661 1083 eadem
692 1047 730 1083 et
758 1046 915 1083 natura
945 1048 1093 1084 manet
1124 1058 1232 1098 quae
1263 1043 1427 1085 semina
1456 1059 1598 1085 rerum

341 1111 532 1153 conicere
563 1111 607 1152 in
640 1111 730 1152 loca
761 1125 950 1166 quaeque
980 1117 1112 1167 queat
1142 1112 1273 1153 simili
1303 1113 1466 1155 ratione

341 1185 472 1235 atque
502 1180 586 1221 luic
617 1185 719 1220 sunt
749 1179 1152 1229 coniecta,:necesse
1184 1186 1249 1222 est
1280 1181 1507 1223 confiteare

342 1263 433 1291 esse
465 1249 568 1290 alios
597 1249 693 1290 aliis
723 1254 933 1290 terrarum
965 1249 1011 1290 in
1042 1249 1237 1305 partibus
1268 1250 1381 1291 orbis
1722 1261 1825 1305 1075

341 1323 387 1360 et
416 1317 553 1359 varias
584 1317 807 1359 hominum
837 1318 980 1374 gentis
1011 1323 1056 1360 et
1087 1318 1224 1359 saecla
1255 1319 1452 1360 ferarum.

400 1386 499 1427 Huc
529 1386 694 1427 accedit
724 1391 775 1427 ut
805 1386 851 1427 in
881 1401 1050 1428 summa
1079 1401 1145 1428 res
1174 1387 1294 1429 nulla
1324 1387 1380 1428 sit
1411 1403 1509 1437 una,

340 1455 468 1496 unica
497 1469 605 1510 quae
636 1454 841 1511 gignatur
872 1460 916 1497 et
947 1455 1074 1496 unica
1104 1455 1277 1510 solaque
1309 1462 1481 1506 crescat,

341 1523 447 1578 quin
477 1522 678 1577 aliquoiu'
709 1522 792 1564 siet
822 1523 950 1564 saecli
981 1523 1281 1578 permultaque
1314 1524 1461 1566 eodem

341 1591 428 1633 sint
458 1605 623 1647 genere.
684 1590 729 1632 in
760 1591 909 1646 primis
940 1591 1208 1640 animalibus
1239 1591 1401 1634 inclute
1434 1593 1622 1641 Memmi,
1720 1595 1829 1637 1080

340 1660 531 1702 invenies
561 1660 621 1701 sic
654 1660 949 1716 montivagum
981 1675 1118 1716 genus
1149 1677 1239 1703 esse
1271 1661 1466 1711 ferarum,

341 1729 401 1771 sic
431 1728 653 1770 hominum
684 1729 877 1784 genitam
908 1729 1082 1784 prolem,
1113 1730 1172 1770 sic
1203 1729 1387 1785 denique
1419 1736 1564 1771 mutas

339 1797 657 1853 squamigerum
688 1796 873 1852 pecudes
903 1803 948 1839 et
978 1812 1151 1853 corpora
1181 1805 1335 1840 cuncta
1365 1799 1596 1842 volantum.

341 1871 601 1922 quapropter
631 1866 796 1908 caelum
827 1867 957 1908 simili
987 1868 1152 1909 ratione
1183 1868 1450 1910 fatendumst

340 1939 582 1990 terramque
614 1940 659 1976 et
689 1935 821 1976 solem
854 1936 1001 1977 lunam
1032 1951 1159 1987 mare,
1190 1942 1331 1978 cetera
1361 1952 1470 1992 quae
1501 1943 1613 1987 sunt,
1719 1940 1822 1991 1085

228 2064 322 2096 1059.
512 2062 595 2094 1061
612 2064 765 2094 eolarunt
780 2062 874 2094 Nice.
891 2064 910 2094 3
926 2063 1003 2095 Vat.
1022 2063 1115 2095 Mon.
1132 2064 1228 2095 Junt.
1245 2063 1392 2104 rightly:
1416 2073 1471 2096 see
1486 2065 1585 2095 notes
1602 2065 1633 2095 2.
1678 2066 1826 2098 colerunt

225 2118 296 2149 AB.
340 2119 520 2149 eooluerint
549 2118 669 2151 Lamb.
718 2119 887 2150 coluerunt
917 2118 1022 2150 Lach.
1068 2120 1216 2150 coierzmt
1247 2119 1276 2150 B
1308 2128 1393 2150 corr.
1423 2119 1513 2151 Flor.
1548 2119 1589 2150 31
1617 2118 1736 2151 Camb.
1760 2129 1826 2153 one

225 2171 302 2204 Vat.
349 2173 495 2204 coniecta
512 2171 548 2203 of
569 2172 615 2203 all
631 2181 713 2203 mss.
731 2181 840 2203 seems
856 2174 892 2204 to
907 2181 962 2203 me
977 2172 1070 2212 quite
1086 2172 1196 2212 right:
1221 2182 1331 2213 comp.
1350 2173 1444 2205 1108.
1547 2178 1703 2206 convecta
1717 2174 1822 2208 Lach.

226 2225 338 2258 which
367 2235 510 2267 appears
540 2228 575 2257 to
605 2225 645 2258 be
675 2225 734 2258 the
763 2226 856 2266 right
886 2226 1026 2266 reading
1056 2226 1093 2257 in
1125 2226 1181 2258 the
1212 2227 1330 2267 nearly
1352 2227 1513 2259 identieal
1539 2237 1680 2268 passage
1710 2237 1733 2260 v
1761 2229 1826 2261 429

225 2280 336 2312 where
357 2280 416 2312 the
438 2289 518 2312 mss.
545 2279 633 2311 have
656 2286 829 2312 conventa.
874 2281 981 2312 Lach.
1012 2281 1139 2321 objects
1170 2283 1206 2313 to
1236 2283 1385 2313 coniecta
1418 2281 1534 2321 ‘quasi
1563 2281 1741 2314 Lucretius
1768 2281 1824 2314 hie

226 2335 325 2366 aliter
355 2344 458 2374 quam
485 2334 523 2365 in
553 2334 674 2374 quinto
705 2334 815 2367 dicere
836 2335 1029 2376 potuerit’:
1059 2335 1121 2367 but
1144 2334 1238 2367 there
1261 2335 1303 2367 he
1326 2335 1390 2366 has
1414 2335 1487 2367 also
1511 2337 1720 2375 conveniant,
1744 2335 1824 2368 here

226 2391 387 2427 celarunt,
406 2387 501 2419 there
523 2397 628 2428 saepe,
645 2387 725 2419 here
745 2398 883 2429 semper3
908 2389 960 2419 for
980 2388 1086 2420 Lach.
1104 2388 1221 2429 vainly
1237 2389 1340 2420 alters
1355 2399 1450 2429 saepe
1468 2391 1504 2420 to
1519 2399 1664 2430 semper:
1686 2389 1730 2421 he
1750 2390 1825 2422 also

227 2454 305 2484 says
320 2443 357 2475 of
370 2445 516 2476 coniecta
536 2443 759 2475 ‘sententiam
774 2453 846 2475 non
862 2444 973 2484 explet
988 2443 1057 2475 nisi
1072 2443 1188 2475 addita
1204 2444 1268 2475 loci
1285 2443 1547 2484 significatione,
1565 2446 1604 2475 ut
1625 2445 1728 2484 paulo
1744 2448 1822 2485 post

230 2499 384 2530 Conicere
407 2499 445 2528 in
466 2498 538 2528 loca
560 2498 720 2537 quaeque'
746 2499 826 2528 cet.:
851 2497 912 2529 but
933 2507 948 2529 1
970 2498 1033 2529 284
1054 2499 1237 2537 Fraymina
1260 2499 1423 2529 coniciens
1442 2500 1602 2530 silvarum
1624 2499 1824 2540 arbustaque

230 2558 310 2592 tota,
328 2561 377 2583 we
394 2551 467 2582 find
482 2550 509 2582 it
533 2550 616 2582 used
636 2550 838 2591 absolutely.
972 2550 1055 2582 1062
1072 2552 1207 2583 emordia
1224 2552 1309 2583 Mar.
1326 2551 1402 2583 A1d.
1421 2552 1439 2582 1
1455 2552 1551 2584 Junt.
1571 2552 1623 2584 for
1638 2563 1679 2584 ex
1694 2554 1823 2591 ordine,

227 2617 266 2639 as
283 2607 321 2638 in
336 2605 396 2638 the
411 2605 472 2637 5th
488 2605 588 2637 book.
763 2606 847 2638 1070
863 2610 906 2637 et.
951 2616 992 2637 ea:
1007 2606 1114 2637 Lach.
1131 2606 1192 2637 but
1209 2612 1242 2638 et
1257 2607 1287 2638 is
1302 2605 1428 2647 clearly
1443 2606 1553 2646 right:
1579 2617 1617 2638 ea:
1632 2606 1750 2639 makes
1765 2607 1824 2640 the

229 2659 462 2692 construction
482 2660 572 2690 most
593 2658 780 2690 awkward:
805 2659 887 2690 then
909 2659 993 2692 1072
1019 2660 1138 2699 Visque
1159 2661 1272 2691 eadem
1293 2665 1325 2692 et
1345 2664 1469 2692 natura
1493 2661 1577 2692 Mar.
1597 2660 1673 2692 Ald.
1692 2662 1709 2692 1
1726 2661 1823 2693 Junt.

228 2715 280 2746 for
306 2715 363 2746 Vis
388 2714 500 2745 eadem
521 2717 654 2745 ruitura.
707 2713 788 2751 Quis
812 2714 924 2744 eadem
945 2717 1070 2744 natura
1091 2713 1196 2744 Lach.
1321 2714 1404 2746 1073
1427 2724 1576 2755 quaeque
1599 2720 1698 2755 queat
1719 2717 1825 2748 simili

227 2768 317 2798 Flor.
334 2767 375 2798 31
391 2765 508 2797 Camb.
524 2765 576 2796 for
592 2775 739 2806 quaeque
757 2767 910 2798 atsimili.
1043 2767 1125 2800 1079
1142 2767 1307 2808 aliquoiu'
1322 2769 1385 2798 siet
1402 2767 1552 2799 Gronov.
1568 2767 1621 2799 for
1635 2769 1822 2808 aliquoiuis

227 2823 290 2853 siet
304 2821 344 2857 B,
363 2820 565 2860 alioquoiuis
582 2819 628 2850 A:
653 2818 710 2850 the
727 2819 820 2850 older
835 2819 964 2851 editors
978 2819 1063 2851 have
1078 2829 1164 2860 gone
1178 2820 1298 2860 widely
1314 2823 1437 2860 astray.
1599 2821 1683 2852 1080
1698 2823 1822 2854 inclute

229 2875 361 2907 Memmi
378 2874 527 2906 Gronov.
545 2873 596 2905 for
611 2874 721 2905 indice
737 2879 853 2906 mente.
1037 2875 1118 2905 1081
1136 2876 1289 2906 Invenies
1305 2875 1405 2906 Pont.
1422 2874 1510 2907 Mar.
1526 2873 1602 2906 Ald.
1623 2875 1640 2905 1
1657 2874 1754 2907 Junt.
1771 2876 1824 2907 for

227 2930 408 2961 Invenisse.
526 2927 610 2959 1082
631 2929 777 2968 yenitam
799 2928 885 2960 Mar.
909 2927 985 2959 Ald.
1011 2928 1029 2958 1
1052 2928 1148 2961 Junt.
1173 2929 1225 2960 for
1245 2930 1420 2969 yeminam.
1555 2928 1636 2960 1089
1660 2931 1746 2970 quod
1770 2931 1822 2963 his
