1997 3267
243 179 321 218 194
996 163 1061 205 IV

352 271 480 326 idque
512 271 623 326 petit
654 285 815 326 corpus,
847 284 966 311 mens
998 269 1111 311 unde
1143 274 1208 311 est
1238 269 1381 310 saucia
1411 284 1562 311 amore.

352 354 536 395 namque
568 354 714 380 omnes
745 339 996 394 plerumque
1028 339 1188 380 cadunt
1218 338 1262 378 in
1294 338 1448 379 vulnus
1479 343 1524 379 et
1554 337 1670 379 illam

352 408 507 450 emicat
538 408 582 449 in
614 415 779 463 partem
811 407 984 463 sanguis
1015 407 1128 448 unde
1159 406 1312 447 icimur
1342 406 1444 455 ictu,
1726 415 1833 458 1050

352 482 396 519 et
427 478 462 518 si
493 477 729 518 comminus
760 481 836 525 est,
868 476 1034 516 hostem
1064 475 1192 517 ruber
1222 479 1401 530 occupat
1432 489 1564 517 umor.

351 547 409 588 sic
441 546 573 602 igitur
604 545 784 587 Veneris
816 545 889 600 qui
919 545 1017 586 telis
1039 544 1204 600 ⁴accipit
1234 544 1357 593 ictus,

352 616 439 656 sive
470 629 577 670 puer
607 613 810 655 membris
841 612 1123 654 muliebribus
1154 613 1268 653 hunc
1298 612 1509 654 iaculatur

352 699 424 725 seu
457 683 611 725 mulier
642 687 734 724 toto
764 682 928 723 iactans
960 696 982 723 6
1013 696 1183 736 corpore
1215 696 1417 730 amorem,

352 753 464 794 unde
496 751 657 800 feritur,
690 765 739 792 eo
770 750 912 792 tendit
943 750 1162 806 gestitque
1194 750 1304 791 coire
1726 758 1830 802 1055

352 827 396 864 et
426 822 564 862 iacere
595 835 789 861 umorem
820 819 865 860 in
897 834 1047 875 corpus
1077 819 1129 860 de
1161 834 1332 874 corpore
1362 819 1566 871 ductum3

352 905 535 945 namque
566 890 833 945 voluptatem
865 889 1078 945 praesagit
1108 895 1230 930 muta
1260 889 1424 945 cupido.

410 960 529 1000 Haec
560 959 708 999 Venus
738 963 803 999 est
834 957 979 1009 nobis3
1018 957 1118 999 hinc
1148 963 1337 999 autemst
1368 972 1523 999 nomen
1553 957 1718 1007 amoris,

354 1027 452 1068 hinc
482 1027 604 1068 illaec
634 1026 822 1082 primum
854 1026 1032 1068 Veneris
1062 1026 1300 1068 dulcedinis
1331 1026 1376 1067 in
1406 1041 1476 1068 cor

353 1096 533 1138 stillavit
564 1102 692 1152 gutta
723 1101 768 1137 et
798 1096 1001 1137 successit
1032 1095 1185 1152 frigida
1217 1111 1325 1137 cura.
1727 1095 1835 1137 1060

352 1180 452 1206 nam
483 1165 517 1205 si
547 1164 670 1206 abest
701 1164 813 1219 quod
845 1179 973 1214 ames,
1003 1171 1171 1219 praesto
1202 1164 1430 1206 simulacra
1459 1169 1606 1206 tamen
1636 1168 1738 1205 sunt

351 1233 467 1274 illius
497 1238 542 1274 et
571 1247 726 1274 nomen
758 1232 881 1274 dulce
913 1232 1162 1274 obversatur
1192 1233 1245 1274 ad
1276 1233 1401 1274 auris.

352 1301 427 1342 sed
456 1301 638 1355 fugitare
668 1301 791 1342 decet
822 1300 1047 1342 simulacra
1076 1306 1120 1342 et
1151 1301 1308 1356 pabula
1338 1300 1492 1342 amoris

353 1370 588 1412 absterrere
619 1370 700 1411 sibi
730 1375 860 1425 atque
892 1369 975 1411 alio
1006 1374 1251 1411 convertere
1282 1374 1473 1410 mentem

354 1444 398 1481 et
427 1439 562 1480 iacere
593 1453 785 1480 umorem
816 1438 1054 1480 conlectum
1085 1438 1130 1479 in
1161 1452 1333 1493 corpora
1364 1452 1557 1493 quaeque
1725 1437 1829 1490 1065

355 1522 431 1549 nec
461 1507 656 1556 retinere,
687 1507 818 1549 semel
851 1521 1099 1548 conversum
1131 1506 1259 1548 unius
1290 1521 1444 1556 amore,

354 1582 398 1618 et
429 1590 595 1617 servare
626 1575 708 1616 sibi
739 1590 883 1616 curam
915 1580 1163 1630 certumque
1194 1575 1391 1616 dolorem.

355 1645 476 1686 ulcus
505 1644 620 1686 enim
651 1644 831 1685 vivescit
862 1649 906 1685 et
937 1643 1211 1685 inveterascit
1241 1642 1393 1684 alendo

354 1715 483 1770 inque
514 1713 605 1754 dies
634 1712 776 1768 gliscit
807 1712 921 1754 furor
950 1717 1080 1767 atque
1111 1726 1314 1753 aerumna
1344 1710 1566 1767 gravescit,

355 1783 391 1824 si
422 1797 506 1824 non
536 1782 674 1837 prima
704 1782 826 1823 novis
857 1781 1084 1823 conturbes
1116 1781 1290 1822 volnera
1319 1780 1456 1836 plagis
1727 1790 1836 1834 1070

355 1851 663 1907 volgivagaque
694 1865 828 1906 vagus
859 1850 1025 1892 Venere
1055 1855 1157 1890 ante
1187 1849 1377 1890 recentia
1407 1863 1527 1890 cures

356 1925 433 1961 aut
463 1920 546 1960 alio
576 1920 710 1974 possis
741 1918 875 1960 animi
908 1918 1130 1960 traducere
1161 1923 1312 1959 motus.

415 1989 507 2030 Nec
538 1987 716 2029 Veneris
747 1988 889 2028 fructu
921 1992 1036 2029 caret
1066 1987 1102 2028 is
1133 1986 1207 2042 qui
1238 1986 1349 2028 vitat
1379 2001 1576 2035 amorem,

358 2056 431 2098 sed
461 2056 603 2112 potius
634 2070 743 2111 quae
774 2060 875 2096 sunt
906 2055 996 2096 sine
1028 2069 1164 2109 poena
1193 2054 1415 2096 commoda
1445 2054 1600 2105 sumit3

356 2140 457 2166 nam
488 2130 601 2166 certe
631 2128 780 2179 purast
810 2123 923 2164 sanis
954 2122 1090 2178 magis
1120 2123 1220 2164 inde
1250 2122 1447 2178 voluptas
1728 2131 1831 2174 1075

358 2209 487 2250 quam
518 2193 692 2234 miseris.
734 2192 895 2234 etenim
926 2192 1123 2247 potiundi
1153 2197 1345 2247 tempore
1375 2191 1421 2232 in
1452 2191 1543 2246 ipso

359 2263 540 2304 fluctuat
570 2261 743 2303 incertis
774 2261 984 2302 erroribus
1014 2261 1137 2302 ardor
1166 2266 1389 2302 amantum

360 2347 438 2373 nec
468 2336 634 2373 constat
664 2330 767 2386 quid
797 2330 984 2385 primum
1014 2330 1146 2371 oculis
1176 2329 1458 2384 manibusque
1491 2329 1695 2371 fruantur.

247 2488 331 2519 Mar.
363 2486 438 2518 Ald.
472 2487 490 2516 1
520 2486 616 2517 Junt.
644 2486 696 2518 for
720 2487 850 2517 advita.
1040 2483 1262 2516 1047=1034.
1456 2482 1539 2515 1057
1565 2486 1655 2513 muta
1685 2481 1713 2512 A
1743 2481 1836 2514 Nico.

247 2542 336 2574 Flor.
357 2541 397 2571 31
416 2540 535 2572 Gamb.
553 2540 646 2571 Mon.
664 2539 720 2571 old
735 2540 804 2572 eds.
821 2540 916 2572 Junt.
1139 2540 1244 2570 multa
1259 2538 1287 2569 B
1303 2538 1428 2569 Avane.
1446 2537 1591 2577 Nauger.
1607 2536 1728 2568 Lamb.
1744 2537 1833 2576 vulg.

247 2596 361 2628 before
391 2595 498 2627 Lach.
748 2595 831 2626 1058
857 2604 982 2626 nomen.
1027 2603 1150 2625 momen
1176 2592 1280 2624 Lach.
1308 2594 1398 2623 most
1429 2590 1675 2632 unpoetically;
1713 2591 1838 2623 Greech

251 2659 342 2681 more
372 2648 550 2689 elegantly,
579 2648 640 2680 but
671 2648 814 2680 without
850 2648 1030 2688 necessity,
1060 2657 1196 2679 numen:
1243 2656 1298 2678 see
1334 2645 1451 2679 Camb.
1486 2646 1604 2677 Journ.
1639 2645 1674 2676 of
1707 2645 1790 2685 phil.
1824 2655 1838 2677 1

247 2714 281 2744 p.
307 2704 358 2734 35.
403 2702 508 2734 Lach.
536 2702 608 2734 also
635 2702 672 2733 in
698 2701 758 2734 the
784 2704 866 2734 next
891 2711 984 2733 verse
1010 2701 1162 2741 wrongly
1187 2701 1268 2740 puts
1299 2710 1318 2731 a
1347 2702 1423 2740 stop
1454 2702 1490 2731 at
1516 2700 1624 2730 illaec.
1684 2700 1783 2730 illaec
1810 2699 1838 2730 A

249 2767 333 2789 corr.
359 2757 411 2788 for
433 2757 492 2788 ille
515 2756 555 2794 A,
579 2757 643 2787 illa
665 2756 705 2787 B.
760 2757 860 2787 illaec
886 2755 980 2787 Nicc.
1007 2764 1071 2786 one
1097 2755 1173 2787 Vat.
1233 2755 1296 2785 illa
1323 2759 1354 2785 et
1380 2753 1469 2786 Flor.
1500 2753 1540 2784 31
1568 2752 1681 2784 Camb.
1713 2754 1733 2783 3
1759 2753 1836 2784 Vat.

248 2811 346 2843 Pont.
519 2810 602 2842 1060
620 2811 766 2851 sriyz'da.
806 2811 944 2851 fervida
960 2810 1046 2841 Mar.
1063 2809 1161 2840 Junt.
1180 2810 1253 2849 (not
1270 2808 1428 2849 Nauger.)
1447 2807 1581 2839 Creech.
1754 2808 1836 2840 1061

249 2875 346 2896 ames.
393 2874 466 2895 aves
489 2864 594 2896 Lach.
611 2863 756 2895 without
773 2863 940 2904 necessity
956 2877 962 2895 :
987 2873 1042 2895 see
1058 2866 1156 2895 notes
1172 2865 1201 2896 2.
1338 2863 1420 2894 1065
1445 2864 1622 2894 conlectum
1644 2861 1837 2902 (collectum)

254 2918 274 2949 J
277 2920 350 2951 unt.
371 2920 432 2950 not
448 2918 546 2950 Pont.
564 2927 602 2950 or
619 2918 703 2950 Mar.
725 2918 777 2949 for
793 2919 983 2951 coniectum.
1031 2922 1215 2958 conyestum
1230 2917 1356 2948 Avanc.
1374 2919 1409 2948 at
1424 2915 1490 2947 end
1506 2916 1542 2947 of
1555 2915 1720 2948 Catullus.
