1997 3267
233 135 316 167 200
998 120 1064 163 IV

375 230 670 286 maiorumque
701 231 832 272 refert
862 230 1005 271 voltus
1035 243 1242 284 vocesque
1273 243 1510 284 comasque.

240 312 344 353 1227
377 305 422 341 et
451 298 661 340 muliebre
694 298 829 340 oritur
859 297 999 353 patrio
1029 298 1082 340 de
1113 297 1275 339 semine
1306 297 1494 340 saeclum
1727 309 1830 352 1225

376 373 655 423 maternoque
686 381 824 408 mares
856 366 1050 408 existunt
1081 381 1252 422 corpore
1284 367 1414 418 creti3

241 447 342 490 1225
377 434 723 492 quandoquidem
753 435 842 476 nilo
872 435 1010 491 magis
1041 435 1146 476 haec
1176 435 1227 476 de
1258 434 1420 476 semine
1451 442 1568 477 certo

377 505 490 546 fiunt
521 519 650 559 quam
681 504 809 546 facies
841 509 884 544 et
915 517 1090 558 corpora
1119 502 1398 558 membraque
1428 502 1572 555 nobis;

379 589 547 630 semper
577 574 692 616 enim
722 579 874 630 partus
903 572 1066 627 duplici
1096 572 1149 613 de
1181 571 1342 613 semine
1374 577 1552 621 constat,

378 650 509 699 atque
540 643 629 685 utri
659 643 840 684 similest
871 642 1009 698 magis
1038 642 1082 683 id
1114 642 1412 697 quodcumque
1444 648 1624 690 creatur,
1729 653 1837 694 1230

381 713 472 755 eius
503 713 635 754 habet
665 712 763 768 plus
793 717 916 767 parte
947 725 1108 766 aequa3
1148 710 1261 766 quod
1292 724 1463 752 cernere
1494 710 1640 765 possis,

379 782 468 823 sive
500 781 639 822 virum
670 780 841 821 suboles
872 779 1003 821 sivest
1033 778 1257 820 muliebris
1288 778 1415 834 origo.

438 850 532 892 Nec
562 849 709 891 divina
738 854 882 890 satum
913 848 1145 904 genitalem
1178 848 1358 889 numina
1388 847 1588 903 cuiquam

380 919 634 969 absterrent,
665 924 788 974 pater
819 933 844 960 a
874 918 1018 974 gnatis
1049 932 1103 959 ne
1134 917 1331 958 dulcibus
1363 932 1567 972 umquam

381 986 623 1042 appelletur
653 991 698 1027 et
728 992 779 1026 ut
809 985 946 1027 sterili
977 985 1143 1026 Venere
1175 984 1321 1041 exigat
1351 999 1527 1036 aevom3
1730 995 1832 1038 1235

383 1057 496 1112 quod
526 1056 779 1112 plerumque
810 1061 970 1111 putant
1001 1061 1045 1097 et
1075 1055 1214 1096 multo
1246 1055 1455 1111 sanguine
1486 1055 1641 1098 maesti

383 1131 671 1181 conspergunt
702 1140 796 1166 aras
827 1124 1086 1179 adolentque
1118 1123 1272 1165 altaria
1302 1124 1435 1173 donis,

383 1200 433 1237 ut
463 1195 661 1251 gravidas
691 1194 874 1236 reddant
905 1208 1059 1235 uxores
1089 1193 1251 1234 semine
1282 1193 1409 1250 largo.

384 1264 646 1319 nequiquam
677 1263 819 1304 divom
850 1276 1012 1303 numen
1041 1262 1252 1316 sortisque
1284 1262 1481 1318 fatigant.

383 1347 482 1374 nam
513 1332 679 1373 steriles
709 1331 893 1372 nimium
925 1345 1062 1373 crasso
1093 1337 1195 1372 sunt
1226 1331 1388 1372 semine
1419 1331 1577 1386 partim
1730 1343 1838 1384 1240

385 1409 429 1444 et
459 1402 622 1457 liquido
652 1407 823 1457 praeter
853 1401 1017 1442 iustum
1049 1400 1258 1455 tenuique
1290 1400 1487 1441 vicissim.

386 1476 513 1513 tenve
544 1470 646 1511 locis
677 1470 779 1525 quia
809 1484 894 1510 non
924 1469 1038 1525 potis
1070 1474 1135 1510 est
1165 1468 1351 1524 adfigere
1382 1468 1628 1520 adhaesum,

385 1540 566 1595 liquitur
596 1539 812 1594 extemplo
844 1544 888 1580 et
919 1543 1165 1580 revocatum
1197 1537 1312 1579 cedit
1342 1537 1504 1579 abortu.

385 1609 565 1652 crassius
595 1609 661 1650 his
692 1623 815 1664 porro
846 1607 1047 1663 quoniam
1079 1606 1318 1648 concretius
1349 1621 1483 1661 aequo

385 1679 588 1728 mittitur,
620 1684 697 1719 aut
729 1692 810 1718 non
844 1685 935 1718 tam
965 1675 1128 1731 prolixo
1158 1675 1352 1730 provolat
1382 1675 1471 1716 ictu
1731 1687 1833 1730 1245

386 1753 462 1789 aut
492 1753 716 1803 penetrare
749 1746 859 1788 locos
890 1759 1026 1800 aeque
1058 1745 1209 1799 nequit
1240 1749 1317 1785 aut
1347 1749 1622 1799 penetratum

386 1830 509 1871 aegre
540 1815 801 1857 admiscetur
831 1813 1033 1855 muliebri
1063 1812 1226 1854 semine
1257 1826 1412 1854 semen.

386 1899 486 1925 nam
517 1883 703 1925 multum
736 1882 982 1924 harmoniae
1014 1881 1194 1923 Veneris
1224 1880 1395 1922 differre
1426 1880 1638 1925 videntur.

386 1959 515 2007 atque
547 1951 651 1993 alias
681 1951 756 1992 alii
787 1950 1005 2006 complent
1037 1949 1173 2005 magis
1205 1963 1255 1990 ex
1287 1948 1468 2004 aliisque

388 2020 628 2076 succipiunt
660 2020 768 2060 aliae
799 2018 968 2074 pondus
998 2018 1136 2074 magis
1166 2017 1297 2072 inque
1327 2024 1595 2073 gravescunt.
1733 2029 1841 2072 1250

388 2096 432 2132 et
462 2090 626 2131 multae
656 2088 823 2130 steriles
855 2088 1120 2144 Hymenaeis
1150 2093 1251 2128 ante
1283 2087 1460 2128 fuerunt

387 2159 582 2216 pluribus
613 2165 657 2201 et
687 2164 838 2199 nactae
870 2163 967 2213 post
998 2162 1100 2198 sunt
1132 2164 1279 2198 tamen
1311 2155 1424 2197 unde
1454 2156 1620 2211 puellos

387 2229 599 2283 suscipere
632 2234 675 2269 et
707 2233 835 2282 partu
866 2231 1041 2282 possent
1072 2225 1280 2266 ditescere
1311 2223 1437 2265 dulci.

387 2303 435 2339 et
465 2295 620 2351 quibus
651 2301 752 2336 ante
783 2294 899 2335 domi
931 2292 1138 2335 fecundae
1169 2306 1297 2348 saepe
1327 2291 1578 2347 nequissent

386 2379 538 2406 uxores
568 2378 727 2419 parere,
758 2363 980 2405 inventast
1011 2362 1096 2404 illis
1126 2376 1297 2417 quoque
1327 2375 1498 2416 compar
1735 2372 1843 2416 1255-

386 2440 551 2483 natura,
582 2439 633 2474 ut
663 2438 837 2488 possent
867 2431 1012 2488 gnatis
1042 2430 1211 2472 munire
1242 2436 1472 2472 senectam.

245 2559 348 2590 multa
366 2557 482 2588 modis.
631 2556 714 2586 1222
730 2555 770 2586 ab
787 2554 891 2587 Lach.
913 2554 965 2586 for
980 2564 1014 2585 a.
1163 2553 1245 2584 1225
1264 2552 1347 2584 1226
1366 2551 1463 2592 (1227
1481 2551 1576 2592 1228)
1594 2550 1612 2582 Ι
1627 2550 1715 2582 have
1730 2554 1842 2583 trans-

245 2612 355 2644 fen-ed
376 2611 503 2651 hither,
531 2610 589 2642 the
613 2620 710 2642 sense
733 2609 908 2650 requiring
931 2609 990 2640 the
1012 2607 1152 2648 change.
1314 2607 1399 2639 1227
1422 2607 1460 2637 de
1484 2604 1595 2637 added
1617 2605 1661 2645 by
1683 2604 1774 2636 Flor.
1798 2606 1840 2636 31

246 2668 344 2699 Pont.
362 2667 447 2698 Mar.
464 2666 563 2697 Junt.
581 2676 602 2696 a
617 2666 744 2697 Avanc.
902 2664 1019 2704 mayis.
1038 2665 1149 2694 minus
1165 2662 1286 2694 Lamb.
1304 2660 1460 2692 followed
1475 2660 1520 2700 by
1535 2660 1583 2692 all
1598 2660 1712 2692 before
1733 2659 1842 2691 Lach.

310 2721 394 2752 1230
417 2721 632 2761 quodeunque
656 2719 747 2750 Flor.
772 2719 812 2750 31
837 2718 956 2750 Camb.
981 2717 1056 2752 Ver.
1083 2717 1168 2749 Ven.
1193 2717 1278 2749 Mar.
1306 2716 1358 2747 for
1380 2725 1589 2757 quocumque.

311 2777 395 2807 1234
412 2781 512 2816 pater
535 2785 556 2806 a
578 2776 690 2814 ,quatis
713 2774 845 2811 Brix.?‚
862 2773 961 2806 Pont.
981 2773 1068 2804 Mar.
1085 2772 1161 2804 Ald.
1180 2772 1198 2803 1
1215 2771 1312 2804 Junt.
1332 2771 1384 2802 for
1401 2775 1539 2812 praeter
1560 2770 1706 2810 aquatis.

313 2831 395 2861 1243
425 2830 515 2862 cedit
546 2828 643 2861 Pont.
675 2828 761 2859 Mar.
790 2827 867 2859 Ald.
899 2828 918 2858 1
949 2826 1046 2858 Junt.
1079 2827 1131 2858 for
1161 2827 1278 2858 credit.
1455 2825 1538 2855 1244
1570 2825 1621 2856 his
1650 2822 1754 2855 Laoh.
1791 2822 1843 2855 for

248 2885 310 2917 hic.
489 2883 572 2914 1252
591 2887 669 2924 post
691 2887 769 2914 sunt
791 2880 912 2913 Lamb.
935 2881 1010 2913 first
1032 2880 1085 2913 for
1103 2885 1258 2922 possunt;
1290 2878 1422 2919 though
1445 2878 1546 2910 Lucr.
1569 2877 1718 2918 perhaps
1740 2879 1843 2910 wrote
