1997 3267
182 194 234 232 88
956 190 1004 231 II

294 304 343 339 ut
376 297 521 338 videas
551 296 710 338 initum
741 302 884 338 motus
915 312 940 337 a
970 296 1093 338 corde
1124 296 1256 338 creari

295 380 346 406 ex
377 364 595 419 am'mique
627 365 850 405 voluntate
881 364 926 405 id
956 364 1182 419 procedere
1212 364 1412 420 primurn,
1694 376 1780 419 270

294 434 393 475 inde
425 434 518 474 dari
547 448 670 489 porro
701 449 777 489 per
807 439 950 475 totum
981 448 1133 489 corpus
1164 439 1209 475 et
1240 439 1370 476 artus.

292 518 371 544 nec
402 503 582 544 similest
613 508 662 544 ut
693 518 791 544 cum
822 503 998 558 impulsi
1028 502 1296 558 procedimus
1326 503 1417 544 ictu

293 571 456 612 viribus
486 571 664 612 alterius
695 571 862 626 magnis
893 586 1133 626 magnoque
1164 576 1340 621 coactu3

293 655 393 680 nam
423 645 518 681 tum
549 640 772 681 materiem
808 640 943 682 totius
973 640 1156 695 corporis
1187 655 1357 682 omnem

293 709 607 764 perspicuumst
638 709 760 749 nobis
790 708 938 749 invitis
968 708 1030 749 ire
1059 708 1250 764 rapique,
1696 717 1776 761 275

294 777 427 818 donec
457 792 551 818 eam
580 777 811 818 refrenavit,
842 792 918 832 per
947 777 1139 819 membra
1168 777 1375 818 voluntas.

295 845 436 887 iamne
466 846 585 887 vides
615 845 761 900 igitur,
791 861 1052 901 quamquam
1083 846 1147 887 vis
1178 850 1324 887 extera
1355 845 1514 886 multos

295 914 428 969 pellat
459 920 503 955 et
533 914 691 955 invitos
722 920 847 970 cogat
877 914 1102 969 procedere
1134 929 1259 969 saepe

294 981 632 1037 praecipitesque
663 982 766 1037 rapi,
797 988 944 1024 tamen
975 997 1064 1023 esse
1095 983 1141 1023 in
1171 988 1341 1037 pectore
1371 988 1512 1023 nostro

293 1052 498 1107 quiddam
529 1052 642 1108 quod
672 1058 818 1093 contra
847 1067 1037 1107 pugnare
1068 1051 1321 1106 obstareque
1353 1050 1520 1106 possit?
1697 1052 1782 1092 280

295 1121 416 1162 cuius
445 1120 500 1162 ad
530 1121 756 1161 arbitrium
788 1135 955 1175 quoque
986 1120 1107 1175 copia
1137 1119 1334 1160 materiai

295 1188 461 1244 cogitur
491 1190 708 1231 interdum
739 1189 854 1230 flecti
884 1204 960 1244 per
989 1189 1181 1230 membra
1211 1203 1287 1243 per
1315 1193 1435 1230 artus

296 1264 340 1300 et
371 1258 559 1312 proiecta
588 1258 828 1299 refrenatur
858 1264 1056 1313 retroque
1087 1257 1248 1299 residit.

297 1342 427 1382 quare
457 1327 502 1367 in
534 1327 769 1368 seminibus
801 1342 969 1382 quoque
1000 1327 1115 1368 idem
1147 1327 1306 1368 fateare
1338 1331 1562 1377 necessest,

296 1410 386 1437 esse
417 1396 544 1437 aliam
575 1402 744 1451 praeter
773 1397 920 1453 plagas
951 1403 995 1438 et
1026 1397 1213 1452 pondera
1243 1412 1414 1438 causam
1697 1398 1778 1449 285

296 1465 496 1515 motibus,
526 1466 640 1507 unde
671 1466 775 1508 haec
806 1472 871 1507 est
901 1466 1024 1508 nobis
1053 1466 1203 1508 innata
1233 1472 1434 1521 potestas,

296 1534 349 1575 de
378 1535 466 1575 nilo
497 1535 698 1590 quoniam
729 1536 822 1576 fieri
851 1536 913 1576 nil
944 1551 1063 1591 posse
1094 1536 1298 1577 Videmus

296 1603 462 1658 pondus
493 1603 608 1644 enim
640 1604 837 1658 prohibet
869 1619 922 1645 ne
953 1603 1090 1660 plagis
1121 1602 1263 1644 omnia
1293 1602 1400 1644 fiant

297 1678 474 1714 externa
504 1673 624 1728 quasi
654 1673 720 1724 vi3
762 1673 836 1714 sed
867 1688 920 1714 ne
950 1687 1072 1714 mens
1101 1672 1193 1727 ipsa
1223 1686 1444 1713 necessum

297 1739 553 1782 intestinum
586 1741 742 1782 habeat
773 1742 938 1782 cunctis
969 1741 1014 1781 in
1045 1741 1171 1782 rebus
1201 1740 1378 1796 agendis
1695 1749 1781 1791 290

297 1817 341 1850 et
372 1809 542 1851 devicta
571 1810 692 1865 quasi
722 1810 793 1852 hoc
824 1817 1001 1866 cogatur
1032 1810 1139 1851 ferre
1170 1809 1359 1864 patique,

296 1877 339 1918 id
373 1878 473 1919 facit
504 1878 707 1934 exiguum
739 1878 950 1919 clinamen
980 1878 1286 1933 principiorum

296 1960 374 1987 nec
404 1947 574 2002 regione
605 1947 686 1987 loci
717 1952 832 1988 certa
861 1961 940 1988 nec
971 1952 1162 2001 ternpore
1193 1952 1318 1987 certo.

355 2014 448 2056 Nec
478 2015 638 2070 stipata
668 2015 805 2071 magis
835 2015 917 2056 fuit
948 2030 1152 2070 umquam
1184 2014 1379 2056 materiai

299 2083 418 2137 copia
447 2098 525 2124 nec
557 2098 678 2138 porro
708 2084 939 2125 maioribus
969 2083 1230 2134 intervallis3
1697 2091 1776 2136 295

297 2165 398 2192 nam
429 2166 568 2206 neque
599 2151 848 2207 adaugescit
880 2152 1108 2207 quicquam
1139 2165 1277 2206 neque
1308 2150 1475 2205 deperit
1505 2150 1616 2191 inde.

299 2225 558 2275 quapropter
590 2235 672 2275 quo
702 2235 817 2261 nunc
847 2220 892 2261 in
923 2226 1044 2262 motu
1076 2220 1380 2276 principiorum

186 2408 215 2439 A
229 2417 262 2447 p.
279 2417 325 2438 m.
342 2407 370 2437 B
393 2406 505 2438 which
526 2407 630 2440 Lach.
658 2407 781 2447 keeps:
804 2407 889 2440 both
911 2410 1005 2439 must
1028 2407 1115 2439 have
1137 2407 1221 2439 been
1244 2407 1282 2438 in
1304 2407 1364 2438 the
1388 2406 1579 2448 archetype.
1718 2405 1781 2438 268

188 2463 307 2493 conixa
336 2460 401 2492 Gis.
429 2461 480 2492 for
505 2471 640 2498 conexa,
665 2471 703 2492 as
726 2461 762 2492 in
788 2461 858 2494 160.
907 2471 1031 2492 coneaea
1056 2461 1087 2492 is
1113 2460 1250 2497 absurd,
1275 2460 1408 2500 though
1433 2461 1470 2491 in
1493 2459 1613 2500 nearly
1634 2459 1682 2492 all
1707 2459 1777 2492 eds.

189 2516 298 2547 before
320 2515 425 2547 Lach.
474 2515 596 2547 Lamb.
621 2525 698 2555 says
722 2526 815 2547 some
836 2526 918 2547 mss.
942 2516 1030 2547 have
1053 2517 1217 2547 connixa:
1241 2515 1303 2546 but
1326 2515 1402 2547 that
1423 2515 1442 2545 Ι
1463 2514 1579 2547 doubt.
1718 2514 1781 2546 275

183 2571 393 2610 perspicuum
408 2570 531 2600 nobisst
550 2569 608 2599 AB
630 2569 682 2600 for
693 2572 936 2609 perspicuumst
956 2571 1068 2600 nobis:
1095 2578 1148 2600 see
1168 2568 1271 2600 Lach.
1292 2568 1344 2599 for
1364 2568 1423 2600 the
1444 2570 1581 2607 strange
1600 2567 1782 2608 frequeney

188 2623 270 2654 with
292 2622 404 2654 which
426 2627 457 2654 st
479 2623 509 2654 is
531 2622 612 2654 thus
636 2623 839 2662 transposed
861 2623 897 2654 in
920 2624 989 2655 AB.
1169 2624 1232 2656 277
1256 2628 1379 2654 extera.
1426 2624 1550 2654 extima
1571 2621 1671 2653 Pont.
1695 2622 1780 2653 Mar.

189 2676 288 2716 vulgo
304 2676 454 2716 wrongly
467 2687 474 2713 ;
499 2675 592 2716 prob.
610 2675 698 2706 from
713 2675 772 2707 the
787 2681 932 2708 extrema
949 2676 986 2708 of
999 2676 1090 2708 Nicc.
1248 2677 1311 2709 278
1327 2677 1390 2709 279
1405 2676 1637 2715 Pellat...rapi
1653 2675 1776 2707 Avanc.

191 2729 317 2770 rightly
348 2730 400 2760 for
430 2730 709 2769 Pallae...rapit.
754 2731 1161 2770 Pellit...coyit...rapit
1191 2730 1286 2762 Junt.
1322 2730 1391 2762 and
1420 2730 1509 2770 vulg.
1541 2729 1654 2761 before
1683 2729 1781 2761 Wak.

189 2784 304 2814 Fallat
326 2783 356 2813 A
378 2792 462 2816 corr.
488 2782 581 2814 Nice.
604 2783 695 2814 Flor.
719 2784 759 2814 31
787 2783 904 2816 Camb.
933 2784 979 2815 all
1002 2784 1078 2816 Vat.
1126 2785 1377 2823 Pellat...coyat
1403 2783 1489 2814 Mar.
1533 2784 1653 2820 Fallit,
1679 2785 1778 2823 coyit,

190 2839 280 2877 *rapit
294 2836 395 2867 Pont.
466 2836 528 2867 281
544 2837 641 2876 copia
655 2836 744 2867 Flor.
763 2838 803 2867 31
821 2836 937 2869 Camb.
958 2837 1010 2868 for
1024 2847 1116 2869 cona.
1198 2838 1260 2868 283
1276 2837 1397 2869 residit
1410 2836 1502 2868 Flor.
1519 2837 1560 2867 31
1577 2836 1629 2867 for
1642 2837 1780 2868 residia.

235 2891 296 2922 291
312 2891 408 2930 quasi
423 2890 516 2921 Nicc.
534 2889 585 2920 for
601 2892 711 2930 quaei.
761 2892 818 2922 hoc
835 2891 912 2922 add.
929 2891 973 2931 by
987 2890 1053 2922 Ed.
1070 2892 1107 2922 id
1121 2891 1227 2922 Lach.
1353 2891 1416 2923 294
1425 2892 1499 2931 furit
1513 2900 1668 2931 umquam
1683 2890 1778 2923 Junt.

192 2949 252 2976 not
270 2944 354 2975 Mar.
369 2944 420 2975 sor
430 2945 558 2984 fultum
571 2955 679 2985 quam.
718 2944 786 2976 Cic.
805 2944 847 2976 ad
863 2946 933 2976 Att.
946 2954 1012 2976 xm
1024 2945 1066 2976 40
1083 2945 1100 2975 1
1117 2945 1170 2976 for
1186 2944 1245 2976 the
1261 2946 1397 2986 corrupt
1414 2946 1467 2976 hic
1484 2949 1593 2976 autem
1606 2949 1645 2976 ut
1653 2947 1782 2986 fultum
