<?xml version="1.0" encoding="UTF-8"?>
<!DOCTYPE html PUBLIC "-//W3C//DTD XHTML 1.0 Transitional//EN"
    "http://www.w3.org/TR/xhtml1/DTD/xhtml1-transitional.dtd">
<html xmlns="http://www.w3.org/1999/xhtml" xml:lang="en" lang="en">
 <head>
  <title>
</title>
<meta http-equiv="Content-Type" content="text/html;charset=utf-8" />
  <meta name='ocr-system' content='tesseract 3.04.00' />
  <meta name='ocr-capabilities' content='ocr_page ocr_carea ocr_par ocr_line ocrx_word'/>
</head>
<body>
  <div class='ocr_page' id='page_1' title='image "./lucreticariderer01lucruoft_0064.png"; bbox 0 0 1997 3267; ppageno 0'>
   <div class='ocr_carea' id='block_1_1' title="bbox 199 147 997 205">
    <p class='ocr_par' dir='ltr' id='par_1_1' title="bbox 199 147 997 205">
     <span class='ocr_line' id='line_1_1' title="bbox 199 147 997 205; baseline -0.009 -10"><span class='ocrx_word' id='word_1_1' title='bbox 199 154 257 205; x_wconf 91' lang='lat'>48</span> <span class='ocrx_word' id='word_1_2' title='bbox 973 147 997 188; x_wconf 94' lang='lat' dir='ltr'>I</span> 
     </span>
    </p>
   </div>
   <div class='ocr_carea' id='block_1_2' title="bbox 307 255 1800 2377">
    <p class='ocr_par' dir='ltr' id='par_1_2' title="bbox 307 255 1800 2377">
     <span class='ocr_line' id='line_1_2' title="bbox 371 255 1795 314; baseline -0.002 -15"><span class='ocrx_word' id='word_1_3' title='bbox 371 258 501 300; x_wconf 88' lang='lat' dir='ltr'>Nunc</span> <span class='ocrx_word' id='word_1_4' title='bbox 531 272 622 314; x_wconf 88' lang='lat' dir='ltr'>age,</span> <span class='ocrx_word' id='word_1_5' title='bbox 652 272 719 298; x_wconf 90' lang='lat' dir='ltr'>res</span> <span class='ocrx_word' id='word_1_6' title='bbox 749 256 950 312; x_wconf 87' lang='lat' dir='ltr'>quoniam</span> <span class='ocrx_word' id='word_1_7' title='bbox 981 255 1106 296; x_wconf 86' lang='lat' dir='ltr'>docui</span> <span class='ocrx_word' id='word_1_8' title='bbox 1137 270 1222 296; x_wconf 88' lang='lat' dir='ltr'>non</span> <span class='ocrx_word' id='word_1_9' title='bbox 1254 269 1374 310; x_wconf 86' lang='lat' dir='ltr'>posse</span> <span class='ocrx_word' id='word_1_10' title='bbox 1407 256 1540 297; x_wconf 85' lang='lat' dir='ltr'>creari</span> <span class='ocrx_word' id='word_1_11' title='bbox 1714 257 1795 307; x_wconf 88' lang='lat'>265</span> 
     </span>
     <span class='ocr_line' id='line_1_3' title="bbox 313 323 1396 381; baseline -0.005 -13"><span class='ocrx_word' id='word_1_12' title='bbox 313 327 366 369; x_wconf 91' lang='lat' dir='ltr'>de</span> <span class='ocrx_word' id='word_1_13' title='bbox 396 327 484 368; x_wconf 89' lang='lat' dir='ltr'>nilo</span> <span class='ocrx_word' id='word_1_14' title='bbox 514 340 654 381; x_wconf 85' lang='lat' dir='ltr'>neque</span> <span class='ocrx_word' id='word_1_15' title='bbox 685 325 791 366; x_wconf 88' lang='lat' dir='ltr'>item</span> <span class='ocrx_word' id='word_1_16' title='bbox 821 325 991 381; x_wconf 85' lang='lat' dir='ltr'>genitas</span> <span class='ocrx_word' id='word_1_17' title='bbox 1022 324 1075 365; x_wconf 91' lang='lat' dir='ltr'>ad</span> <span class='ocrx_word' id='word_1_18' title='bbox 1106 324 1167 364; x_wconf 86' lang='lat' dir='ltr'>nil</span> <span class='ocrx_word' id='word_1_19' title='bbox 1199 323 1396 374; x_wconf 87' lang='lat' dir='ltr'>revocari,</span> 
     </span>
     <span class='ocr_line' id='line_1_4' title="bbox 312 391 1366 452; baseline -0.007 -14"><span class='ocrx_word' id='word_1_20' title='bbox 312 412 456 452; x_wconf 90' lang='lat' dir='ltr'>nequa</span> <span class='ocrx_word' id='word_1_21' title='bbox 486 397 595 437; x_wconf 85' lang='lat' dir='ltr'>forte</span> <span class='ocrx_word' id='word_1_22' title='bbox 626 400 773 436; x_wconf 87' lang='lat' dir='ltr'>tamen</span> <span class='ocrx_word' id='word_1_23' title='bbox 804 399 975 448; x_wconf 94' lang='lat' dir='ltr'>coeptes</span> <span class='ocrx_word' id='word_1_24' title='bbox 1006 392 1196 433; x_wconf 87' lang='lat' dir='ltr'>diffidere</span> <span class='ocrx_word' id='word_1_25' title='bbox 1228 391 1366 440; x_wconf 85' lang='lat' dir='ltr'>dictis,</span> 
     </span>
     <span class='ocr_line' id='line_1_5' title="bbox 312 458 1438 521; baseline -0.006 -15"><span class='ocrx_word' id='word_1_26' title='bbox 312 465 425 521; x_wconf 89' lang='lat' dir='ltr'>quod</span> <span class='ocrx_word' id='word_1_27' title='bbox 456 468 677 519; x_wconf 85' lang='lat' dir='ltr'>nequeunt</span> <span class='ocrx_word' id='word_1_28' title='bbox 709 462 841 503; x_wconf 89' lang='lat' dir='ltr'>oculis</span> <span class='ocrx_word' id='word_1_29' title='bbox 871 476 1013 502; x_wconf 89' lang='lat' dir='ltr'>rerum</span> <span class='ocrx_word' id='word_1_30' title='bbox 1045 459 1278 515; x_wconf 87' lang='lat' dir='ltr'>primordia</span> <span class='ocrx_word' id='word_1_31' title='bbox 1309 458 1438 509; x_wconf 88' lang='lat' dir='ltr'>cerni,</span> 
     </span>
     <span class='ocr_line' id='line_1_6' title="bbox 312 533 1426 588; baseline -0.004 -13"><span class='ocrx_word' id='word_1_32' title='bbox 312 533 456 588; x_wconf 81' lang='lat' dir='ltr'>accipe</span> <span class='ocrx_word' id='word_1_33' title='bbox 488 537 711 588; x_wconf 87' lang='lat' dir='ltr'>praeterea</span> <span class='ocrx_word' id='word_1_34' title='bbox 741 545 849 586; x_wconf 90' lang='lat' dir='ltr'>quae</span> <span class='ocrx_word' id='word_1_35' title='bbox 882 545 1054 585; x_wconf 89' lang='lat' dir='ltr'>corpora</span> <span class='ocrx_word' id='word_1_36' title='bbox 1086 535 1181 570; x_wconf 86' lang='lat' dir='ltr'>tute</span> <span class='ocrx_word' id='word_1_37' title='bbox 1213 533 1426 571; x_wconf 82' lang='lat' dir='ltr'>necessest</span> 
     </span>
     <span class='ocr_line' id='line_1_7' title="bbox 312 597 1800 654; baseline -0.003 -10"><span class='ocrx_word' id='word_1_38' title='bbox 312 603 541 645; x_wconf 86' lang='lat' dir='ltr'>confiteare</span> <span class='ocrx_word' id='word_1_39' title='bbox 573 615 662 641; x_wconf 90' lang='lat' dir='ltr'>esse</span> <span class='ocrx_word' id='word_1_40' title='bbox 694 599 739 640; x_wconf 90' lang='lat' dir='ltr'>in</span> <span class='ocrx_word' id='word_1_41' title='bbox 769 599 898 640; x_wconf 89' lang='lat' dir='ltr'>rebus</span> <span class='ocrx_word' id='word_1_42' title='bbox 928 613 1006 639; x_wconf 89' lang='lat' dir='ltr'>nec</span> <span class='ocrx_word' id='word_1_43' title='bbox 1037 613 1158 654; x_wconf 90' lang='lat' dir='ltr'>posse</span> <span class='ocrx_word' id='word_1_44' title='bbox 1190 597 1336 639; x_wconf 67' lang='lat' dir='ltr'>videri,</span> <span class='ocrx_word' id='word_1_45' title='bbox 1715 607 1800 649; x_wconf 90' lang='lat'>270</span> 
     </span>
     <span class='ocr_line' id='line_1_8' title="bbox 311 667 1336 727; baseline -0.004 -15"><span class='ocrx_word' id='word_1_46' title='bbox 311 670 520 727; x_wconf 89' lang='lat' dir='ltr'>principio</span> <span class='ocrx_word' id='word_1_47' title='bbox 552 667 672 710; x_wconf 87' lang='lat' dir='ltr'>venti</span> <span class='ocrx_word' id='word_1_48' title='bbox 703 667 766 708; x_wconf 88' lang='lat' dir='ltr'>vis</span> <span class='ocrx_word' id='word_1_49' title='bbox 797 667 993 708; x_wconf 86' lang='lat' dir='ltr'>verberat</span> <span class='ocrx_word' id='word_1_50' title='bbox 1024 667 1158 708; x_wconf 86' lang='lat' dir='ltr'>incita</span> <span class='ocrx_word' id='word_1_51' title='bbox 1188 672 1336 721; x_wconf 86' lang='lat' dir='ltr'>portus</span> 
     </span>
     <span class='ocr_line' id='line_1_9' title="bbox 310 734 1300 793; baseline -0.005 -14"><span class='ocrx_word' id='word_1_52' title='bbox 310 737 586 793; x_wconf 86' lang='lat' dir='ltr'>ingentisque</span> <span class='ocrx_word' id='word_1_53' title='bbox 617 735 706 776; x_wconf 89' lang='lat' dir='ltr'>ruit</span> <span class='ocrx_word' id='word_1_54' title='bbox 736 734 856 775; x_wconf 80' lang='lat' dir='ltr'>navis</span> <span class='ocrx_word' id='word_1_55' title='bbox 888 740 932 775; x_wconf 88' lang='lat' dir='ltr'>et</span> <span class='ocrx_word' id='word_1_56' title='bbox 964 734 1114 775; x_wconf 89' lang='lat' dir='ltr'>nubila</span> <span class='ocrx_word' id='word_1_57' title='bbox 1145 734 1300 782; x_wconf 83' lang='lat' dir='ltr'>differt,</span> 
     </span>
     <span class='ocr_line' id='line_1_10' title="bbox 310 804 1396 860; baseline -0.004 -12"><span class='ocrx_word' id='word_1_58' title='bbox 310 807 529 849; x_wconf 85' lang='lat' dir='ltr'>interdum</span> <span class='ocrx_word' id='word_1_59' title='bbox 560 804 708 860; x_wconf 88' lang='lat' dir='ltr'>rapido</span> <span class='ocrx_word' id='word_1_60' title='bbox 738 819 988 859; x_wconf 88' lang='lat' dir='ltr'>percurrens</span> <span class='ocrx_word' id='word_1_61' title='bbox 1020 804 1192 845; x_wconf 88' lang='lat' dir='ltr'>turbine</span> <span class='ocrx_word' id='word_1_62' title='bbox 1225 817 1396 858; x_wconf 89' lang='lat' dir='ltr'>campos</span> 
     </span>
     <span class='ocr_line' id='line_1_11' title="bbox 309 872 1442 930; baseline -0.004 -13"><span class='ocrx_word' id='word_1_63' title='bbox 309 875 531 918; x_wconf 84' lang='lat' dir='ltr'>arboribus</span> <span class='ocrx_word' id='word_1_64' title='bbox 563 872 730 930; x_wconf 86' lang='lat' dir='ltr'>magnis</span> <span class='ocrx_word' id='word_1_65' title='bbox 762 873 916 914; x_wconf 87' lang='lat' dir='ltr'>sternit</span> <span class='ocrx_word' id='word_1_66' title='bbox 948 873 1191 928; x_wconf 90' lang='lat' dir='ltr'>montisque</span> <span class='ocrx_word' id='word_1_67' title='bbox 1224 886 1442 928; x_wconf 86' lang='lat' dir='ltr'>supremos</span> 
     </span>
     <span class='ocr_line' id='line_1_12' title="bbox 310 941 1795 1000; baseline -0.004 -14"><span class='ocrx_word' id='word_1_68' title='bbox 310 944 538 1000; x_wconf 77' lang='lat' dir='ltr'>silvifragis</span> <span class='ocrx_word' id='word_1_69' title='bbox 570 948 698 984; x_wconf 80' lang='lat' dir='ltr'>vexat</span> <span class='ocrx_word' id='word_1_70' title='bbox 729 942 897 983; x_wconf 85' lang='lat' dir='ltr'>flabris:</span> <span class='ocrx_word' id='word_1_71' title='bbox 941 942 1004 983; x_wconf 88' lang='lat' dir='ltr'>ita</span> <span class='ocrx_word' id='word_1_72' title='bbox 1035 942 1217 997; x_wconf 84' lang='lat' dir='ltr'>perfurit</span> <span class='ocrx_word' id='word_1_73' title='bbox 1248 941 1334 982; x_wconf 88' lang='lat' dir='ltr'>acri</span> <span class='ocrx_word' id='word_1_74' title='bbox 1715 950 1795 993; x_wconf 89' lang='lat'>275</span> 
     </span>
     <span class='ocr_line' id='line_1_13' title="bbox 309 1011 1502 1066; baseline -0.005 -10"><span class='ocrx_word' id='word_1_75' title='bbox 309 1029 405 1056; x_wconf 85' lang='lat' dir='ltr'>cum</span> <span class='ocrx_word' id='word_1_76' title='bbox 439 1013 614 1054; x_wconf 91' lang='lat' dir='ltr'>fremitu</span> <span class='ocrx_word' id='word_1_77' title='bbox 646 1011 867 1066; x_wconf 87' lang='lat' dir='ltr'>saevitque</span> <span class='ocrx_word' id='word_1_78' title='bbox 899 1011 1056 1052; x_wconf 88' lang='lat' dir='ltr'>minaci</span> <span class='ocrx_word' id='word_1_79' title='bbox 1087 1025 1305 1051; x_wconf 87' lang='lat' dir='ltr'>murmure</span> <span class='ocrx_word' id='word_1_80' title='bbox 1336 1015 1502 1050; x_wconf 87' lang='lat' dir='ltr'>ventus.</span> 
     </span>
     <span class='ocr_line' id='line_1_14' title="bbox 310 1066 1323 1139; baseline -0.004 -15"><span class='ocrx_word' id='word_1_81' title='bbox 310 1089 412 1124; x_wconf 84' lang='lat' dir='ltr'>sunt</span> <span class='ocrx_word' id='word_1_82' title='bbox 444 1082 580 1139; x_wconf 88' lang='lat' dir='ltr'>igitur</span> <span class='ocrx_word' id='word_1_83' title='bbox 610 1080 730 1122; x_wconf 84' lang='lat' dir='ltr'>venti</span> <span class='ocrx_word' id='word_1_84' title='bbox 760 1080 965 1121; x_wconf 87' lang='lat' dir='ltr'>nimirum</span> <span class='ocrx_word' id='word_1_85' title='bbox 996 1095 1169 1135; x_wconf 90' lang='lat' dir='ltr'>corpora</span> <span class='ocrx_word' id='word_1_86' title='bbox 1200 1066 1323 1120; x_wconf 83' lang='lat' dir='ltr'>caeca</span> 
     </span>
     <span class='ocr_line' id='line_1_15' title="bbox 310 1145 1571 1207; baseline -0.005 -14"><span class='ocrx_word' id='word_1_87' title='bbox 310 1167 419 1207; x_wconf 91' lang='lat' dir='ltr'>quae</span> <span class='ocrx_word' id='word_1_88' title='bbox 451 1165 579 1200; x_wconf 89' lang='lat' dir='ltr'>mare,</span> <span class='ocrx_word' id='word_1_89' title='bbox 610 1165 719 1205; x_wconf 87' lang='lat' dir='ltr'>quae</span> <span class='ocrx_word' id='word_1_90' title='bbox 750 1154 895 1197; x_wconf 82' lang='lat' dir='ltr'>terraS,</span> <span class='ocrx_word' id='word_1_91' title='bbox 928 1162 1036 1203; x_wconf 87' lang='lat' dir='ltr'>quae</span> <span class='ocrx_word' id='word_1_92' title='bbox 1068 1147 1253 1202; x_wconf 88' lang='lat' dir='ltr'>denique</span> <span class='ocrx_word' id='word_1_93' title='bbox 1283 1147 1432 1188; x_wconf 90' lang='lat' dir='ltr'>nubila</span> <span class='ocrx_word' id='word_1_94' title='bbox 1463 1145 1571 1187; x_wconf 86' lang='lat' dir='ltr'>caeli</span> 
     </span>
     <span class='ocr_line' id='line_1_16' title="bbox 313 1215 1401 1270; baseline -0.006 -8"><span class='ocrx_word' id='word_1_95' title='bbox 313 1226 491 1262; x_wconf 88' lang='lat' dir='ltr'>verrunt</span> <span class='ocrx_word' id='word_1_96' title='bbox 523 1234 572 1260; x_wconf 91' lang='lat' dir='ltr'>ac</span> <span class='ocrx_word' id='word_1_97' title='bbox 603 1218 746 1260; x_wconf 88' lang='lat' dir='ltr'>subito</span> <span class='ocrx_word' id='word_1_98' title='bbox 778 1217 978 1258; x_wconf 76' lang='lat' dir='ltr'>vexantia</span> <span class='ocrx_word' id='word_1_99' title='bbox 1011 1215 1184 1256; x_wconf 87' lang='lat' dir='ltr'>turbine</span> <span class='ocrx_word' id='word_1_100' title='bbox 1214 1221 1401 1270; x_wconf 89' lang='lat' dir='ltr'>raptant,</span> 
     </span>
     <span class='ocr_line' id='line_1_17' title="bbox 310 1284 1797 1339; baseline -0.003 -9"><span class='ocrx_word' id='word_1_101' title='bbox 310 1303 388 1330; x_wconf 88' lang='lat' dir='ltr'>nec</span> <span class='ocrx_word' id='word_1_102' title='bbox 419 1287 584 1329; x_wconf 89' lang='lat' dir='ltr'>ratione</span> <span class='ocrx_word' id='word_1_103' title='bbox 615 1286 757 1327; x_wconf 87' lang='lat' dir='ltr'>fluunt</span> <span class='ocrx_word' id='word_1_104' title='bbox 789 1285 872 1326; x_wconf 87' lang='lat' dir='ltr'>alia</span> <span class='ocrx_word' id='word_1_105' title='bbox 903 1291 1176 1339; x_wconf 78' lang='lat' dir='ltr'>stragemque</span> <span class='ocrx_word' id='word_1_106' title='bbox 1207 1289 1448 1339; x_wconf 81' lang='lat' dir='ltr'>propagant</span> <span class='ocrx_word' id='word_1_107' title='bbox 1713 1284 1797 1325; x_wconf 90' lang='lat'>280</span> 
     </span>
     <span class='ocr_line' id='line_1_18' title="bbox 311 1356 1384 1412; baseline -0.006 -12"><span class='ocrx_word' id='word_1_108' title='bbox 311 1364 356 1401; x_wconf 86' lang='lat' dir='ltr'>et</span> <span class='ocrx_word' id='word_1_109' title='bbox 387 1374 484 1400; x_wconf 86' lang='lat' dir='ltr'>cum</span> <span class='ocrx_word' id='word_1_110' title='bbox 517 1357 657 1398; x_wconf 88' lang='lat' dir='ltr'>mollis</span> <span class='ocrx_word' id='word_1_111' title='bbox 687 1371 822 1412; x_wconf 89' lang='lat' dir='ltr'>aquae</span> <span class='ocrx_word' id='word_1_112' title='bbox 855 1356 991 1396; x_wconf 86' lang='lat' dir='ltr'>fertur</span> <span class='ocrx_word' id='word_1_113' title='bbox 1020 1360 1177 1395; x_wconf 87' lang='lat' dir='ltr'>natura</span> <span class='ocrx_word' id='word_1_114' title='bbox 1206 1360 1384 1408; x_wconf 88' lang='lat' dir='ltr'>repente</span> 
     </span>
     <span class='ocr_line' id='line_1_19' title="bbox 311 1423 1502 1480; baseline -0.003 -11"><span class='ocrx_word' id='word_1_115' title='bbox 311 1428 489 1469; x_wconf 88' lang='lat' dir='ltr'>flumine</span> <span class='ocrx_word' id='word_1_116' title='bbox 521 1425 774 1475; x_wconf 81' lang='lat' dir='ltr'>abundanti,</span> <span class='ocrx_word' id='word_1_117' title='bbox 806 1440 935 1479; x_wconf 87' lang='lat' dir='ltr'>quam</span> <span class='ocrx_word' id='word_1_118' title='bbox 968 1424 1097 1480; x_wconf 84' lang='lat' dir='ltr'>largis</span> <span class='ocrx_word' id='word_1_119' title='bbox 1129 1423 1339 1465; x_wconf 87' lang='lat' dir='ltr'>imbribus</span> <span class='ocrx_word' id='word_1_120' title='bbox 1370 1429 1502 1479; x_wconf 84' lang='lat' dir='ltr'>auget</span> 
     </span>
     <span class='ocr_line' id='line_1_20' title="bbox 311 1492 1352 1550; baseline -0.004 -12"><span class='ocrx_word' id='word_1_121' title='bbox 311 1496 530 1538; x_wconf 88' lang='lat' dir='ltr'>montibus</span> <span class='ocrx_word' id='word_1_122' title='bbox 561 1510 612 1536; x_wconf 81' lang='lat' dir='ltr'>ex</span> <span class='ocrx_word' id='word_1_123' title='bbox 645 1495 745 1535; x_wconf 90' lang='lat' dir='ltr'>altis</span> <span class='ocrx_word' id='word_1_124' title='bbox 776 1508 958 1550; x_wconf 85' lang='lat' dir='ltr'>magnus</span> <span class='ocrx_word' id='word_1_125' title='bbox 989 1494 1193 1534; x_wconf 89' lang='lat' dir='ltr'>decursus</span> <span class='ocrx_word' id='word_1_126' title='bbox 1223 1492 1352 1548; x_wconf 88' lang='lat' dir='ltr'>aquai</span> 
     </span>
     <span class='ocr_line' id='line_1_21' title="bbox 310 1562 1418 1622; baseline -0.005 -15"><span class='ocrx_word' id='word_1_127' title='bbox 310 1565 521 1622; x_wconf 85' lang='lat' dir='ltr'>fragmina</span> <span class='ocrx_word' id='word_1_128' title='bbox 550 1563 760 1605; x_wconf 89' lang='lat' dir='ltr'>coniciens</span> <span class='ocrx_word' id='word_1_129' title='bbox 791 1563 993 1603; x_wconf 86' lang='lat' dir='ltr'>silvarum</span> <span class='ocrx_word' id='word_1_130' title='bbox 1025 1562 1283 1616; x_wconf 86' lang='lat' dir='ltr'>arbustaque</span> <span class='ocrx_word' id='word_1_131' title='bbox 1315 1566 1418 1611; x_wconf 86' lang='lat' dir='ltr'>tota,</span> 
     </span>
     <span class='ocr_line' id='line_1_22' title="bbox 308 1630 1789 1688; baseline -0.003 -12"><span class='ocrx_word' id='word_1_132' title='bbox 308 1650 387 1676; x_wconf 90' lang='lat' dir='ltr'>nec</span> <span class='ocrx_word' id='word_1_133' title='bbox 418 1633 548 1675; x_wconf 91' lang='lat' dir='ltr'>validi</span> <span class='ocrx_word' id='word_1_134' title='bbox 579 1637 758 1688; x_wconf 86' lang='lat' dir='ltr'>possunt</span> <span class='ocrx_word' id='word_1_135' title='bbox 788 1637 941 1686; x_wconf 85' lang='lat' dir='ltr'>pontes</span> <span class='ocrx_word' id='word_1_136' title='bbox 972 1630 1186 1672; x_wconf 86' lang='lat' dir='ltr'>venientis</span> <span class='ocrx_word' id='word_1_137' title='bbox 1216 1630 1345 1685; x_wconf 89' lang='lat' dir='ltr'>aquai</span> <span class='ocrx_word' id='word_1_138' title='bbox 1709 1631 1789 1683; x_wconf 88' lang='lat'>285</span> 
     </span>
     <span class='ocr_line' id='line_1_23' title="bbox 309 1698 1518 1753; baseline -0.005 -8"><span class='ocrx_word' id='word_1_139' title='bbox 309 1704 396 1745; x_wconf 91' lang='lat' dir='ltr'>vim</span> <span class='ocrx_word' id='word_1_140' title='bbox 428 1702 616 1744; x_wconf 88' lang='lat' dir='ltr'>subitam</span> <span class='ocrx_word' id='word_1_141' title='bbox 648 1701 850 1742; x_wconf 86' lang='lat' dir='ltr'>tolerare:</span> <span class='ocrx_word' id='word_1_142' title='bbox 882 1700 944 1741; x_wconf 90' lang='lat' dir='ltr'>ita</span> <span class='ocrx_word' id='word_1_143' title='bbox 975 1714 1128 1753; x_wconf 87' lang='lat' dir='ltr'>magno</span> <span class='ocrx_word' id='word_1_144' title='bbox 1159 1698 1359 1740; x_wconf 87' lang='lat' dir='ltr'>turbidus</span> <span class='ocrx_word' id='word_1_145' title='bbox 1391 1698 1518 1740; x_wconf 86' lang='lat' dir='ltr'>imbri</span> 
     </span>
     <span class='ocr_line' id='line_1_24' title="bbox 309 1767 1404 1814; baseline -0.006 0"><span class='ocrx_word' id='word_1_146' title='bbox 309 1773 493 1814; x_wconf 86' lang='lat' dir='ltr'>molibus</span> <span class='ocrx_word' id='word_1_147' title='bbox 524 1770 704 1812; x_wconf 87' lang='lat' dir='ltr'>incurrit</span> <span class='ocrx_word' id='word_1_148' title='bbox 735 1768 887 1810; x_wconf 88' lang='lat' dir='ltr'>validis</span> <span class='ocrx_word' id='word_1_149' title='bbox 918 1783 1015 1809; x_wconf 89' lang='lat' dir='ltr'>cum</span> <span class='ocrx_word' id='word_1_150' title='bbox 1047 1767 1209 1808; x_wconf 86' lang='lat' dir='ltr'>viribus</span> <span class='ocrx_word' id='word_1_151' title='bbox 1240 1767 1404 1808; x_wconf 86' lang='lat' dir='ltr'>amnis:</span> 
     </span>
     <span class='ocr_line' id='line_1_25' title="bbox 308 1835 1481 1894; baseline -0.006 -12"><span class='ocrx_word' id='word_1_152' title='bbox 308 1841 384 1882; x_wconf 88' lang='lat' dir='ltr'>dat</span> <span class='ocrx_word' id='word_1_153' title='bbox 415 1839 558 1881; x_wconf 82' lang='lat' dir='ltr'>sonitu</span> <span class='ocrx_word' id='word_1_154' title='bbox 589 1852 745 1894; x_wconf 88' lang='lat' dir='ltr'>magno</span> <span class='ocrx_word' id='word_1_155' title='bbox 776 1842 963 1892; x_wconf 85' lang='lat' dir='ltr'>stragem</span> <span class='ocrx_word' id='word_1_156' title='bbox 994 1836 1213 1891; x_wconf 89' lang='lat' dir='ltr'>volvitque</span> <span class='ocrx_word' id='word_1_157' title='bbox 1245 1835 1323 1876; x_wconf 91' lang='lat' dir='ltr'>sub</span> <span class='ocrx_word' id='word_1_158' title='bbox 1355 1835 1481 1876; x_wconf 86' lang='lat' dir='ltr'>undis</span> 
     </span>
     <span class='ocr_line' id='line_1_26' title="bbox 311 1904 1550 1966; baseline -0.003 -16"><span class='ocrx_word' id='word_1_159' title='bbox 311 1909 491 1966; x_wconf 86' lang='lat' dir='ltr'>grandia</span> <span class='ocrx_word' id='word_1_160' title='bbox 523 1922 649 1948; x_wconf 82' lang='lat' dir='ltr'>saxa:</span> <span class='ocrx_word' id='word_1_161' title='bbox 689 1905 778 1947; x_wconf 86' lang='lat' dir='ltr'>ruit</span> <span class='ocrx_word' id='word_1_162' title='bbox 809 1920 895 1960; x_wconf 88' lang='lat' dir='ltr'>qua</span> <span class='ocrx_word' id='word_1_163' title='bbox 926 1904 1129 1960; x_wconf 89' lang='lat' dir='ltr'>quicquid</span> <span class='ocrx_word' id='word_1_164' title='bbox 1160 1904 1363 1945; x_wconf 86' lang='lat' dir='ltr'>fluctibus</span> <span class='ocrx_word' id='word_1_165' title='bbox 1395 1904 1550 1946; x_wconf 83' lang='lat' dir='ltr'>obstat.</span> 
     </span>
     <span class='ocr_line' id='line_1_27' title="bbox 308 1973 1796 2034; baseline -0.003 -14"><span class='ocrx_word' id='word_1_166' title='bbox 308 1980 367 2020; x_wconf 91' lang='lat' dir='ltr'>sic</span> <span class='ocrx_word' id='word_1_167' title='bbox 396 1977 532 2034; x_wconf 87' lang='lat' dir='ltr'>igitur</span> <span class='ocrx_word' id='word_1_168' title='bbox 563 1976 721 2017; x_wconf 87' lang='lat' dir='ltr'>debent</span> <span class='ocrx_word' id='word_1_169' title='bbox 753 1973 872 2015; x_wconf 82' lang='lat' dir='ltr'>venti</span> <span class='ocrx_word' id='word_1_170' title='bbox 903 1989 1071 2030; x_wconf 88' lang='lat' dir='ltr'>quoque</span> <span class='ocrx_word' id='word_1_171' title='bbox 1103 1973 1278 2014; x_wconf 88' lang='lat' dir='ltr'>flamina</span> <span class='ocrx_word' id='word_1_172' title='bbox 1309 1973 1419 2022; x_wconf 90' lang='lat' dir='ltr'>ferri,</span> <span class='ocrx_word' id='word_1_173' title='bbox 1712 1983 1796 2025; x_wconf 87' lang='lat'>290</span> 
     </span>
     <span class='ocr_line' id='line_1_28' title="bbox 309 2041 1418 2103; baseline -0.005 -16"><span class='ocrx_word' id='word_1_174' title='bbox 309 2061 418 2103; x_wconf 90' lang='lat' dir='ltr'>quae</span> <span class='ocrx_word' id='word_1_175' title='bbox 448 2044 585 2086; x_wconf 91' lang='lat' dir='ltr'>veluti</span> <span class='ocrx_word' id='word_1_176' title='bbox 615 2043 805 2084; x_wconf 82' lang='lat' dir='ltr'>validum</span> <span class='ocrx_word' id='word_1_177' title='bbox 837 2057 934 2083; x_wconf 91' lang='lat' dir='ltr'>cum</span> <span class='ocrx_word' id='word_1_178' title='bbox 965 2041 1126 2082; x_wconf 88' lang='lat' dir='ltr'>flumen</span> <span class='ocrx_word' id='word_1_179' title='bbox 1156 2041 1418 2096; x_wconf 87' lang='lat' dir='ltr'>procubuere</span> 
     </span>
     <span class='ocr_line' id='line_1_29' title="bbox 307 2111 1526 2171; baseline -0.006 -14"><span class='ocrx_word' id='word_1_180' title='bbox 307 2115 546 2171; x_wconf 85' lang='lat' dir='ltr'>quamlibet</span> <span class='ocrx_word' id='word_1_181' title='bbox 576 2113 621 2154; x_wconf 91' lang='lat' dir='ltr'>in</span> <span class='ocrx_word' id='word_1_182' title='bbox 653 2119 831 2168; x_wconf 84' lang='lat' dir='ltr'>partem,</span> <span class='ocrx_word' id='word_1_183' title='bbox 862 2111 1045 2153; x_wconf 88' lang='lat' dir='ltr'>trudunt</span> <span class='ocrx_word' id='word_1_184' title='bbox 1077 2126 1144 2152; x_wconf 89' lang='lat' dir='ltr'>res</span> <span class='ocrx_word' id='word_1_185' title='bbox 1174 2116 1276 2152; x_wconf 91' lang='lat' dir='ltr'>ante</span> <span class='ocrx_word' id='word_1_186' title='bbox 1307 2115 1526 2165; x_wconf 85' lang='lat' dir='ltr'>ruuntque</span> 
     </span>
     <span class='ocr_line' id='line_1_30' title="bbox 309 2180 1327 2239; baseline -0.005 -14"><span class='ocrx_word' id='word_1_187' title='bbox 309 2183 543 2239; x_wconf 89' lang='lat' dir='ltr'>impetibus</span> <span class='ocrx_word' id='word_1_188' title='bbox 574 2181 741 2231; x_wconf 83' lang='lat' dir='ltr'>crebris,</span> <span class='ocrx_word' id='word_1_189' title='bbox 773 2180 991 2222; x_wconf 88' lang='lat' dir='ltr'>interdum</span> <span class='ocrx_word' id='word_1_190' title='bbox 1022 2180 1181 2222; x_wconf 86' lang='lat' dir='ltr'>vertice</span> <span class='ocrx_word' id='word_1_191' title='bbox 1212 2185 1327 2220; x_wconf 89' lang='lat' dir='ltr'>torto</span> 
     </span>
     <span class='ocr_line' id='line_1_31' title="bbox 310 2249 1421 2307; baseline -0.005 -13"><span class='ocrx_word' id='word_1_192' title='bbox 310 2252 547 2307; x_wconf 87' lang='lat' dir='ltr'>corripiunt</span> <span class='ocrx_word' id='word_1_193' title='bbox 578 2249 810 2305; x_wconf 87' lang='lat' dir='ltr'>rapideque</span> <span class='ocrx_word' id='word_1_194' title='bbox 842 2249 1003 2290; x_wconf 86' lang='lat' dir='ltr'>rotanti</span> <span class='ocrx_word' id='word_1_195' title='bbox 1035 2249 1208 2290; x_wconf 82' lang='lat' dir='ltr'>turbine</span> <span class='ocrx_word' id='word_1_196' title='bbox 1238 2253 1421 2304; x_wconf 83' lang='lat' dir='ltr'>portant.</span> 
     </span>
     <span class='ocr_line' id='line_1_32' title="bbox 310 2318 1789 2377; baseline -0.004 -15"><span class='ocrx_word' id='word_1_197' title='bbox 310 2335 439 2377; x_wconf 90' lang='lat' dir='ltr'>quare</span> <span class='ocrx_word' id='word_1_198' title='bbox 472 2319 602 2361; x_wconf 87' lang='lat' dir='ltr'>etiam</span> <span class='ocrx_word' id='word_1_199' title='bbox 633 2325 764 2374; x_wconf 89' lang='lat' dir='ltr'>atque</span> <span class='ocrx_word' id='word_1_200' title='bbox 795 2318 928 2359; x_wconf 90' lang='lat' dir='ltr'>etiam</span> <span class='ocrx_word' id='word_1_201' title='bbox 960 2323 1062 2359; x_wconf 88' lang='lat' dir='ltr'>sunt</span> <span class='ocrx_word' id='word_1_202' title='bbox 1093 2318 1212 2359; x_wconf 84' lang='lat' dir='ltr'>venti</span> <span class='ocrx_word' id='word_1_203' title='bbox 1243 2331 1416 2372; x_wconf 87' lang='lat' dir='ltr'>corpora</span> <span class='ocrx_word' id='word_1_204' title='bbox 1447 2331 1580 2366; x_wconf 88' lang='lat' dir='ltr'>caeca,</span> <span class='ocrx_word' id='word_1_205' title='bbox 1711 2325 1789 2367; x_wconf 87' lang='lat'>295</span> 
     </span>
    </p>
   </div>
   <div class='ocr_carea' id='block_1_3' title="bbox 194 2478 1793 2575">
    <p class='ocr_par' dir='ltr' id='par_1_3' title="bbox 194 2478 1793 2575">
     <span class='ocr_line' id='line_1_33' title="bbox 260 2478 1793 2525; baseline -0.005 -9"><span class='ocrx_word' id='word_1_206' title='bbox 260 2485 321 2517; x_wconf 86' lang='lat'>271</span> <span class='ocrx_word' id='word_1_207' title='bbox 343 2488 460 2525; x_wconf 71' lang='lat' dir='ltr'>portus</span> <span class='ocrx_word' id='word_1_208' title='bbox 488 2482 533 2513; x_wconf 86' lang='lat' dir='ltr'>all</span> <span class='ocrx_word' id='word_1_209' title='bbox 555 2482 630 2514; x_wconf 75' lang='lat' dir='ltr'>Vat.</span> <span class='ocrx_word' id='word_1_210' title='bbox 657 2481 746 2514; x_wconf 82' lang='lat' dir='ltr'>Flor.</span> <span class='ocrx_word' id='word_1_211' title='bbox 773 2482 813 2514; x_wconf 86' lang='lat'>29</span> <span class='ocrx_word' id='word_1_212' title='bbox 837 2481 905 2512; x_wconf 85' lang='lat' dir='ltr'>and</span> <span class='ocrx_word' id='word_1_213' title='bbox 928 2482 968 2513; x_wconf 89' lang='lat'>31</span> <span class='ocrx_word' id='word_1_214' title='bbox 992 2480 1082 2511; x_wconf 88' lang='lat' dir='ltr'>Flor.</span> <span class='ocrx_word' id='word_1_215' title='bbox 1106 2480 1147 2511; x_wconf 85' lang='lat'>30</span> <span class='ocrx_word' id='word_1_216' title='bbox 1169 2489 1253 2512; x_wconf 84' lang='lat' dir='ltr'>corr.</span> <span class='ocrx_word' id='word_1_217' title='bbox 1280 2478 1396 2510; x_wconf 79' lang='lat' dir='ltr'>Camb.</span> <span class='ocrx_word' id='word_1_218' title='bbox 1419 2478 1471 2509; x_wconf 85' lang='lat' dir='ltr'>for</span> <span class='ocrx_word' id='word_1_219' title='bbox 1494 2482 1612 2509; x_wconf 71' lang='lat' dir='ltr'>cortus.</span> <span class='ocrx_word' id='word_1_220' title='bbox 1652 2483 1793 2517; x_wconf 77' lang='lat' dir='ltr'>pontum</span> 
     </span>
     <span class='ocr_line' id='line_1_34' title="bbox 194 2529 1792 2575; baseline -0.006 -6"><span class='ocrx_word' id='word_1_221' title='bbox 194 2539 278 2569; x_wconf 86' lang='lat' dir='ltr'>Mar.</span> <span class='ocrx_word' id='word_1_222' title='bbox 295 2537 447 2569; x_wconf 80' lang='lat' dir='ltr'>Politian</span> <span class='ocrx_word' id='word_1_223' title='bbox 462 2536 499 2567; x_wconf 82' lang='lat' dir='ltr'>in</span> <span class='ocrx_word' id='word_1_224' title='bbox 514 2546 621 2575; x_wconf 86' lang='lat' dir='ltr'>marg.</span> <span class='ocrx_word' id='word_1_225' title='bbox 639 2535 675 2566; x_wconf 90' lang='lat' dir='ltr'>of</span> <span class='ocrx_word' id='word_1_226' title='bbox 696 2535 786 2566; x_wconf 89' lang='lat' dir='ltr'>Flor.</span> <span class='ocrx_word' id='word_1_227' title='bbox 804 2536 855 2572; x_wconf 85' lang='lat'>29,</span> <span class='ocrx_word' id='word_1_228' title='bbox 874 2535 970 2566; x_wconf 80' lang='lat' dir='ltr'>Junt.</span> <span class='ocrx_word' id='word_1_229' title='bbox 988 2534 1056 2566; x_wconf 86' lang='lat' dir='ltr'>and</span> <span class='ocrx_word' id='word_1_230' title='bbox 1077 2533 1277 2573; x_wconf 80' lang='lat' dir='ltr'>apparently</span> <span class='ocrx_word' id='word_1_231' title='bbox 1292 2532 1385 2563; x_wconf 83' lang='lat' dir='ltr'>Nice.</span> <span class='ocrx_word' id='word_1_232' title='bbox 1431 2537 1543 2563; x_wconf 83' lang='lat' dir='ltr'>cautes</span> <span class='ocrx_word' id='word_1_233' title='bbox 1560 2529 1663 2562; x_wconf 81' lang='lat' dir='ltr'>Lach.</span> <span class='ocrx_word' id='word_1_234' title='bbox 1680 2530 1792 2561; x_wconf 87' lang='lat' dir='ltr'>which</span> 
     </span>
    </p>
   </div>
   <div class='ocr_carea' id='block_1_4' title="bbox 194 2584 1792 2742">
    <p class='ocr_par' dir='ltr' id='par_1_4' title="bbox 194 2584 1792 2742">
     <span class='ocr_line' id='line_1_35' title="bbox 194 2584 1790 2632; baseline -0.006 -9"><span class='ocrx_word' id='word_1_235' title='bbox 194 2593 223 2624; x_wconf 85' lang='lat' dir='ltr'>is</span> <span class='ocrx_word' id='word_1_236' title='bbox 246 2602 326 2632; x_wconf 83' lang='lat' dir='ltr'>very</span> <span class='ocrx_word' id='word_1_237' title='bbox 348 2592 450 2623; x_wconf 86' lang='lat' dir='ltr'>weak.</span> <span class='ocrx_word' id='word_1_238' title='bbox 597 2590 659 2622; x_wconf 79' lang='lat'>274</span> <span class='ocrx_word' id='word_1_239' title='bbox 685 2591 820 2627; x_wconf 82' lang='lat' dir='ltr'>‘saevit,</span> <span class='ocrx_word' id='word_1_240' title='bbox 846 2588 984 2620; x_wconf 64' lang='lat' dir='ltr'>Marul!</span> <span class='ocrx_word' id='word_1_241' title='bbox 1008 2598 1086 2628; x_wconf 83' lang='lat' dir='ltr'>says</span> <span class='ocrx_word' id='word_1_242' title='bbox 1110 2587 1288 2619; x_wconf 87' lang='lat' dir='ltr'>Gifanius:</span> <span class='ocrx_word' id='word_1_243' title='bbox 1321 2585 1390 2617; x_wconf 88' lang='lat' dir='ltr'>and</span> <span class='ocrx_word' id='word_1_244' title='bbox 1415 2595 1451 2616; x_wconf 88' lang='lat' dir='ltr'>so</span> <span class='ocrx_word' id='word_1_245' title='bbox 1476 2584 1562 2615; x_wconf 86' lang='lat' dir='ltr'>Mar.</span> <span class='ocrx_word' id='word_1_246' title='bbox 1586 2586 1731 2615; x_wconf 77' lang='lat' dir='ltr'>corrects</span> <span class='ocrx_word' id='word_1_247' title='bbox 1753 2584 1790 2614; x_wconf 87' lang='lat' dir='ltr'>in</span> 
     </span>
     <span class='ocr_line' id='line_1_36' title="bbox 196 2639 1790 2685; baseline -0.006 -7"><span class='ocrx_word' id='word_1_248' title='bbox 196 2648 312 2685; x_wconf 84' lang='lat' dir='ltr'>Mon.;</span> <span class='ocrx_word' id='word_1_249' title='bbox 336 2646 397 2677; x_wconf 78' lang='lat' dir='ltr'>but</span> <span class='ocrx_word' id='word_1_250' title='bbox 421 2645 517 2676; x_wconf 77' lang='lat' dir='ltr'>Junt.</span> <span class='ocrx_word' id='word_1_251' title='bbox 541 2644 605 2675; x_wconf 83' lang='lat' dir='ltr'>has</span> <span class='ocrx_word' id='word_1_252' title='bbox 628 2643 756 2683; x_wconf 84' lang='lat' dir='ltr'>rightly</span> <span class='ocrx_word' id='word_1_253' title='bbox 778 2645 906 2674; x_wconf 77' lang='lat' dir='ltr'>sternit.</span> <span class='ocrx_word' id='word_1_254' title='bbox 1043 2642 1105 2674; x_wconf 88' lang='grc'>276</span> <span class='ocrx_word' id='word_1_255' title='bbox 1128 2646 1244 2672; x_wconf 82' lang='lat' dir='ltr'>ventus</span> <span class='ocrx_word' id='word_1_256' title='bbox 1261 2639 1365 2671; x_wconf 84' lang='lat' dir='ltr'>Lach.</span> <span class='ocrx_word' id='word_1_257' title='bbox 1386 2639 1438 2671; x_wconf 84' lang='lat' dir='ltr'>for</span> <span class='ocrx_word' id='word_1_258' title='bbox 1457 2643 1588 2680; x_wconf 77' lang='lat' dir='ltr'>pontus.</span> <span class='ocrx_word' id='word_1_259' title='bbox 1727 2639 1790 2669; x_wconf 86' lang='grc'>282</span> 
     </span>
     <span class='ocr_line' id='line_1_37' title="bbox 195 2692 1792 2742; baseline -0.006 -10"><span class='ocrx_word' id='word_1_260' title='bbox 195 2712 292 2742; x_wconf 74' lang='lat' dir='ltr'>quam</span> <span class='ocrx_word' id='word_1_261' title='bbox 316 2700 421 2731; x_wconf 82' lang='lat' dir='ltr'>Lach.</span> <span class='ocrx_word' id='word_1_262' title='bbox 447 2699 499 2730; x_wconf 85' lang='lat' dir='ltr'>for</span> <span class='ocrx_word' id='word_1_263' title='bbox 526 2709 629 2739; x_wconf 82' lang='lat' dir='ltr'>quem.</span> <span class='ocrx_word' id='word_1_264' title='bbox 676 2699 761 2738; x_wconf 75' lang='lat' dir='ltr'>quod</span> <span class='ocrx_word' id='word_1_265' title='bbox 788 2697 879 2728; x_wconf 87' lang='lat' dir='ltr'>Flor.</span> <span class='ocrx_word' id='word_1_266' title='bbox 906 2698 947 2728; x_wconf 89' lang='lat'>30</span> <span class='ocrx_word' id='word_1_267' title='bbox 974 2706 1058 2727; x_wconf 86' lang='lat' dir='ltr'>corr.</span> <span class='ocrx_word' id='word_1_268' title='bbox 1085 2696 1184 2726; x_wconf 87' lang='lat' dir='ltr'>Pont.</span> <span class='ocrx_word' id='word_1_269' title='bbox 1210 2695 1296 2726; x_wconf 86' lang='lat' dir='ltr'>Mar.</span> <span class='ocrx_word' id='word_1_270' title='bbox 1322 2695 1418 2725; x_wconf 73' lang='lat' dir='ltr'>Junt.</span> <span class='ocrx_word' id='word_1_271' title='bbox 1556 2692 1618 2724; x_wconf 84' lang='grc'>286</span> <span class='ocrx_word' id='word_1_272' title='bbox 1642 2694 1792 2724; x_wconf 76' lang='lat' dir='ltr'>turbidus</span> 
     </span>
    </p>
   </div>
   <div class='ocr_carea' id='block_1_5' title="bbox 193 2746 1791 2902">
    <p class='ocr_par' dir='ltr' id='par_1_5' title="bbox 193 2746 1791 2902">
     <span class='ocr_line' id='line_1_38' title="bbox 194 2746 1791 2792; baseline -0.005 -5"><span class='ocrx_word' id='word_1_273' title='bbox 194 2757 222 2786; x_wconf 91' lang='lat' dir='ltr'>A</span> <span class='ocrx_word' id='word_1_274' title='bbox 238 2765 319 2787; x_wconf 86' lang='lat' dir='ltr'>corr.</span> <span class='ocrx_word' id='word_1_275' title='bbox 340 2755 432 2786; x_wconf 84' lang='lat' dir='ltr'>Nice.</span> <span class='ocrx_word' id='word_1_276' title='bbox 451 2754 502 2785; x_wconf 86' lang='lat' dir='ltr'>for</span> <span class='ocrx_word' id='word_1_277' title='bbox 518 2755 678 2784; x_wconf 74' lang='lat' dir='ltr'>turbibus.</span> <span class='ocrx_word' id='word_1_278' title='bbox 816 2753 878 2784; x_wconf 84' lang='grc'>289</span> <span class='ocrx_word' id='word_1_279' title='bbox 903 2752 1064 2792; x_wconf 77' lang='lat' dir='ltr'>quicquid</span> <span class='ocrx_word' id='word_1_280' title='bbox 1083 2750 1147 2781; x_wconf 89' lang='lat' dir='ltr'>Ed.</span> <span class='ocrx_word' id='word_1_281' title='bbox 1173 2750 1224 2780; x_wconf 84' lang='lat' dir='ltr'>for</span> <span class='ocrx_word' id='word_1_282' title='bbox 1242 2749 1426 2789; x_wconf 75' lang='lat' dir='ltr'>quidquid:</span> <span class='ocrx_word' id='word_1_283' title='bbox 1452 2757 1497 2779; x_wconf 91' lang='lat' dir='ltr'>no</span> <span class='ocrx_word' id='word_1_284' title='bbox 1511 2747 1644 2778; x_wconf 80' lang='lat' dir='ltr'>further</span> <span class='ocrx_word' id='word_1_285' title='bbox 1659 2746 1791 2786; x_wconf 84' lang='lat' dir='ltr'>change</span> 
     </span>
     <span class='ocr_line' id='line_1_39' title="bbox 193 2800 1790 2848; baseline -0.005 -8"><span class='ocrx_word' id='word_1_286' title='bbox 193 2810 225 2840; x_wconf 87' lang='lat' dir='ltr'>is</span> <span class='ocrx_word' id='word_1_287' title='bbox 239 2808 414 2848; x_wconf 83' lang='lat' dir='ltr'>required:</span> <span class='ocrx_word' id='word_1_288' title='bbox 440 2817 493 2839; x_wconf 84' lang='lat' dir='ltr'>see</span> <span class='ocrx_word' id='word_1_289' title='bbox 509 2811 608 2839; x_wconf 77' lang='lat' dir='ltr'>notes</span> <span class='ocrx_word' id='word_1_290' title='bbox 624 2808 663 2838; x_wconf 85' lang='lat'>2:</span> <span class='ocrx_word' id='word_1_291' title='bbox 687 2808 820 2846; x_wconf 77' lang='lat' dir='ltr'>ruitque</span> <span class='ocrx_word' id='word_1_292' title='bbox 837 2807 888 2836; x_wconf 77' lang='lat' dir='ltr'>ita</span> <span class='ocrx_word' id='word_1_293' title='bbox 905 2806 1068 2845; x_wconf 76' lang='lat' dir='ltr'>quidquid</span> <span class='ocrx_word' id='word_1_294' title='bbox 1083 2803 1187 2835; x_wconf 86' lang='lat' dir='ltr'>Lach.</span> <span class='ocrx_word' id='word_1_295' title='bbox 1233 2805 1367 2842; x_wconf 74' lang='lat' dir='ltr'>ruitque</span> <span class='ocrx_word' id='word_1_296' title='bbox 1384 2812 1472 2842; x_wconf 81' lang='lat' dir='ltr'>aqua</span> <span class='ocrx_word' id='word_1_297' title='bbox 1489 2812 1519 2841; x_wconf 84' lang='lat' dir='ltr'>q.</span> <span class='ocrx_word' id='word_1_298' title='bbox 1537 2800 1602 2832; x_wconf 82' lang='lat' dir='ltr'>Ed.</span> <span class='ocrx_word' id='word_1_299' title='bbox 1618 2800 1790 2840; x_wconf 81' lang='lat' dir='ltr'>formerly.</span> 
     </span>
     <span class='ocr_line' id='line_1_40' title="bbox 262 2856 1791 2902; baseline -0.005 -9"><span class='ocrx_word' id='word_1_300' title='bbox 262 2864 325 2894; x_wconf 66' lang='lat'>294</span> <span class='ocrx_word' id='word_1_301' title='bbox 348 2863 465 2902; x_wconf 77' lang='lat' dir='ltr'>rapide</span> <span class='ocrx_word' id='word_1_302' title='bbox 490 2861 595 2892; x_wconf 84' lang='lat' dir='ltr'>Lach.</span> <span class='ocrx_word' id='word_1_303' title='bbox 619 2861 672 2892; x_wconf 76' lang='lat' dir='ltr'>for</span> <span class='ocrx_word' id='word_1_304' title='bbox 693 2861 806 2901; x_wconf 76' lang='lat' dir='ltr'>rapidi</span> <span class='ocrx_word' id='word_1_305' title='bbox 826 2859 935 2890; x_wconf 78' lang='lat' dir='ltr'>which</span> <span class='ocrx_word' id='word_1_306' title='bbox 951 2858 1050 2890; x_wconf 76' lang='lat' dir='ltr'>Wak.</span> <span class='ocrx_word' id='word_1_307' title='bbox 1072 2857 1234 2898; x_wconf 82' lang='lat' dir='ltr'>absurdly</span> <span class='ocrx_word' id='word_1_308' title='bbox 1253 2858 1396 2889; x_wconf 84' lang='lat' dir='ltr'>retains.</span> <span class='ocrx_word' id='word_1_309' title='bbox 1440 2857 1622 2897; x_wconf 79' lang='lat' dir='ltr'>rapidoque</span> <span class='ocrx_word' id='word_1_310' title='bbox 1635 2856 1791 2887; x_wconf 81' lang='lat' dir='ltr'>.rotantia</span> 
     </span>
    </p>
   </div>
   <div class='ocr_carea' id='block_1_6' title="bbox 195 2913 1013 2956">
    <p class='ocr_par' dir='ltr' id='par_1_6' title="bbox 195 2913 1013 2956">
     <span class='ocr_line' id='line_1_41' title="bbox 195 2913 1013 2956; baseline -0.004 -9"><span class='ocrx_word' id='word_1_311' title='bbox 195 2917 314 2949; x_wconf 83' lang='lat' dir='ltr'>Lamb.</span> <span class='ocrx_word' id='word_1_312' title='bbox 334 2916 383 2949; x_wconf 84' lang='lat' dir='ltr'>ed.</span> <span class='ocrx_word' id='word_1_313' title='bbox 403 2917 421 2947; x_wconf 87' lang='lat'>1</span> <span class='ocrx_word' id='word_1_314' title='bbox 437 2916 506 2948; x_wconf 87' lang='lat' dir='ltr'>and</span> <span class='ocrx_word' id='word_1_315' title='bbox 522 2917 541 2946; x_wconf 92' lang='grc'>2</span> <span class='ocrx_word' id='word_1_316' title='bbox 571 2916 753 2956; x_wconf 76' lang='lat' dir='ltr'>rapidoque</span> <span class='ocrx_word' id='word_1_317' title='bbox 769 2916 895 2947; x_wconf 75' lang='lat' dir='ltr'>rotanti</span> <span class='ocrx_word' id='word_1_318' title='bbox 911 2913 962 2946; x_wconf 88' lang='lat' dir='ltr'>ed.</span> <span class='ocrx_word' id='word_1_319' title='bbox 982 2914 1013 2945; x_wconf 84' lang='lat'>3.</span> 
     </span>
    </p>
   </div>
  </div>
 </body>
</html>
