<?xml version="1.0" encoding="UTF-8"?>
<!DOCTYPE html PUBLIC "-//W3C//DTD XHTML 1.0 Transitional//EN"
    "http://www.w3.org/TR/xhtml1/DTD/xhtml1-transitional.dtd">
<html xmlns="http://www.w3.org/1999/xhtml" xml:lang="en" lang="en">
 <head>
  <title>
</title>
<meta http-equiv="Content-Type" content="text/html;charset=utf-8" />
  <meta name='ocr-system' content='tesseract 3.04.00' />
  <meta name='ocr-capabilities' content='ocr_page ocr_carea ocr_par ocr_line ocrx_word'/>
</head>
<body>
  <div class='ocr_page' id='page_1' title='image "./lucreticariderer01lucruoft_0235.png"; bbox 0 0 1997 3267; ppageno 0'>
   <div class='ocr_carea' id='block_1_1' title="bbox 936 169 1753 230">
    <p class='ocr_par' dir='ltr' id='par_1_1' title="bbox 936 169 1753 230">
     <span class='ocr_line' id='line_1_1' title="bbox 936 169 1753 230; baseline 0.007 -19"><span class='ocrx_word' id='word_1_1' title='bbox 936 169 977 211; x_wconf 92' lang='lat' dir='ltr'><strong>V</strong></span> <span class='ocrx_word' id='word_1_2' title='bbox 1671 185 1753 230; x_wconf 84' lang='lat'>219</span> 
     </span>
    </p>
   </div>
   <div class='ocr_carea' id='block_1_2' title="bbox 259 277 1751 2252">
    <p class='ocr_par' dir='ltr' id='par_1_2' title="bbox 260 277 1417 335">
     <span class='ocr_line' id='line_1_2' title="bbox 260 277 1417 335; baseline 0.003 -16"><span class='ocrx_word' id='word_1_3' title='bbox 260 277 430 320; x_wconf 86' lang='lat' dir='ltr'>difficile</span> <span class='ocrx_word' id='word_1_4' title='bbox 461 283 550 329; x_wconf 81' lang='lat' dir='ltr'>est3</span> <span class='ocrx_word' id='word_1_5' title='bbox 589 277 664 319; x_wconf 89' lang='lat' dir='ltr'>sed</span> <span class='ocrx_word' id='word_1_6' title='bbox 695 277 797 334; x_wconf 91' lang='lat' dir='ltr'>quid</span> <span class='ocrx_word' id='word_1_7' title='bbox 827 277 963 333; x_wconf 88' lang='lat' dir='ltr'>possit</span> <span class='ocrx_word' id='word_1_8' title='bbox 993 278 1154 334; x_wconf 88' lang='lat' dir='ltr'>fiatque</span> <span class='ocrx_word' id='word_1_9' title='bbox 1185 294 1262 335; x_wconf 90' lang='lat' dir='ltr'>per</span> <span class='ocrx_word' id='word_1_10' title='bbox 1292 294 1417 322; x_wconf 88' lang='lat' dir='ltr'>omne</span> 
     </span>
    </p>

    <p class='ocr_par' dir='ltr' id='par_1_3' title="bbox 261 345 1208 397">
     <span class='ocr_line' id='line_1_3' title="bbox 261 345 1208 397; baseline 0.002 -10"><span class='ocrx_word' id='word_1_11' title='bbox 261 346 305 388; x_wconf 89' lang='lat' dir='ltr'>in</span> <span class='ocrx_word' id='word_1_12' title='bbox 338 345 464 387; x_wconf 83' lang='lat' dir='ltr'>variis</span> <span class='ocrx_word' id='word_1_13' title='bbox 495 346 666 387; x_wconf 88' lang='lat' dir='ltr'>mundis</span> <span class='ocrx_word' id='word_1_14' title='bbox 697 346 814 387; x_wconf 87' lang='lat' dir='ltr'>varia</span> <span class='ocrx_word' id='word_1_15' title='bbox 844 346 1010 388; x_wconf 87' lang='lat' dir='ltr'>ratione</span> <span class='ocrx_word' id='word_1_16' title='bbox 1042 346 1208 397; x_wconf 87' lang='lat' dir='ltr'>creatis,</span> 
     </span>
    </p>

    <p class='ocr_par' dir='ltr' id='par_1_4' title="bbox 260 414 1345 471">
     <span class='ocr_line' id='line_1_4' title="bbox 260 414 1345 471; baseline 0.004 -16"><span class='ocrx_word' id='word_1_17' title='bbox 260 414 304 456; x_wconf 92' lang='lat' dir='ltr'>id</span> <span class='ocrx_word' id='word_1_18' title='bbox 335 414 463 456; x_wconf 87' lang='lat' dir='ltr'>doceo</span> <span class='ocrx_word' id='word_1_19' title='bbox 494 415 713 470; x_wconf 89' lang='lat' dir='ltr'>plurisque</span> <span class='ocrx_word' id='word_1_20' title='bbox 744 429 898 470; x_wconf 91' lang='lat' dir='ltr'>sequor</span> <span class='ocrx_word' id='word_1_21' title='bbox 927 415 1152 471; x_wconf 80' lang='lat' dir='ltr'>disponere</span> <span class='ocrx_word' id='word_1_22' title='bbox 1184 432 1345 466; x_wconf 82' lang='lat' dir='ltr'>causas,</span> 
     </span>
    </p>

    <p class='ocr_par' dir='ltr' id='par_1_5' title="bbox 259 483 1750 543">
     <span class='ocr_line' id='line_1_5' title="bbox 259 483 1750 543; baseline 0.005 -19"><span class='ocrx_word' id='word_1_23' title='bbox 259 483 449 525; x_wconf 89' lang='lat' dir='ltr'>motibus</span> <span class='ocrx_word' id='word_1_24' title='bbox 479 489 689 525; x_wconf 73' lang='lat' dir='ltr'>astrorum</span> <span class='ocrx_word' id='word_1_25' title='bbox 720 498 829 539; x_wconf 85' lang='lat' dir='ltr'>quae</span> <span class='ocrx_word' id='word_1_26' title='bbox 860 485 1025 539; x_wconf 77' lang='lat' dir='ltr'>possint</span> <span class='ocrx_word' id='word_1_27' title='bbox 1056 499 1146 528; x_wconf 89' lang='lat' dir='ltr'>esse</span> <span class='ocrx_word' id='word_1_28' title='bbox 1177 501 1254 542; x_wconf 91' lang='lat' dir='ltr'>per</span> <span class='ocrx_word' id='word_1_29' title='bbox 1284 501 1432 538; x_wconf 83' lang='lat' dir='ltr'>omne3</span> <span class='ocrx_word' id='word_1_30' title='bbox 1669 499 1687 542; x_wconf 99' lang='grc'>5</span> <span class='ocrx_word' id='word_1_31' title='bbox 1697 502 1750 543; x_wconf 77' lang='grc'>30</span> 
     </span>
    </p>

    <p class='ocr_par' dir='ltr' id='par_1_6' title="bbox 261 551 1638 609">
     <span class='ocr_line' id='line_1_6' title="bbox 261 551 1638 609; baseline 0.004 -17"><span class='ocrx_word' id='word_1_32' title='bbox 261 567 284 593; x_wconf 92' lang='lat' dir='ltr'>e</span> <span class='ocrx_word' id='word_1_33' title='bbox 315 552 471 608; x_wconf 87' lang='lat' dir='ltr'>quibus</span> <span class='ocrx_word' id='word_1_34' title='bbox 502 567 588 593; x_wconf 89' lang='lat' dir='ltr'>una</span> <span class='ocrx_word' id='word_1_35' title='bbox 618 557 765 593; x_wconf 88' lang='lat' dir='ltr'>tamen</span> <span class='ocrx_word' id='word_1_36' title='bbox 795 551 852 593; x_wconf 89' lang='lat' dir='ltr'>sit</span> <span class='ocrx_word' id='word_1_37' title='bbox 882 551 927 593; x_wconf 88' lang='lat' dir='ltr'>in</span> <span class='ocrx_word' id='word_1_38' title='bbox 960 553 1037 594; x_wconf 90' lang='lat' dir='ltr'>hoc</span> <span class='ocrx_word' id='word_1_39' title='bbox 1069 568 1237 609; x_wconf 92' lang='lat' dir='ltr'>quoque</span> <span class='ocrx_word' id='word_1_40' title='bbox 1268 569 1395 596; x_wconf 84' lang='lat' dir='ltr'>causa</span> <span class='ocrx_word' id='word_1_41' title='bbox 1426 563 1638 598; x_wconf 71' lang='lat' dir='ltr'>necessest</span> 
     </span>
    </p>

    <p class='ocr_par' dir='ltr' id='par_1_7' title="bbox 262 620 1467 678">
     <span class='ocr_line' id='line_1_7' title="bbox 262 620 1467 678; baseline 0.002 -16"><span class='ocrx_word' id='word_1_42' title='bbox 262 636 372 676; x_wconf 88' lang='lat' dir='ltr'>quae</span> <span class='ocrx_word' id='word_1_43' title='bbox 404 626 556 676; x_wconf 85' lang='lat' dir='ltr'>vegeat</span> <span class='ocrx_word' id='word_1_44' title='bbox 588 627 753 662; x_wconf 88' lang='lat' dir='ltr'>motum</span> <span class='ocrx_word' id='word_1_45' title='bbox 785 620 946 676; x_wconf 86' lang='lat' dir='ltr'>signis;</span> <span class='ocrx_word' id='word_1_46' title='bbox 986 621 1060 663; x_wconf 91' lang='lat' dir='ltr'>sed</span> <span class='ocrx_word' id='word_1_47' title='bbox 1091 637 1200 678; x_wconf 90' lang='lat' dir='ltr'>quae</span> <span class='ocrx_word' id='word_1_48' title='bbox 1232 623 1289 664; x_wconf 90' lang='lat' dir='ltr'>sit</span> <span class='ocrx_word' id='word_1_49' title='bbox 1320 639 1467 665; x_wconf 87' lang='lat' dir='ltr'>earum</span> 
     </span>
    </p>

    <p class='ocr_par' dir='ltr' id='par_1_8' title="bbox 262 689 1595 816">
     <span class='ocr_line' id='line_1_8' title="bbox 262 689 1595 749; baseline 0.003 -19"><span class='ocrx_word' id='word_1_50' title='bbox 262 689 503 745; x_wconf 84' lang='lat' dir='ltr'>praecipere</span> <span class='ocrx_word' id='word_1_51' title='bbox 536 689 906 745; x_wconf 84' lang='lat' dir='ltr'>hautquaquamst</span> <span class='ocrx_word' id='word_1_52' title='bbox 936 691 1220 746; x_wconf 87' lang='lat' dir='ltr'>pedetemtim</span> <span class='ocrx_word' id='word_1_53' title='bbox 1252 692 1595 749; x_wconf 75' lang='lat' dir='ltr'>progredientis]</span> 
     </span>
     <span class='ocr_line' id='line_1_9' title="bbox 319 757 1486 816; baseline 0.003 -17"><span class='ocrx_word' id='word_1_54' title='bbox 319 759 533 813; x_wconf 80' lang='lat' dir='ltr'>Terraque</span> <span class='ocrx_word' id='word_1_55' title='bbox 565 763 614 799; x_wconf 91' lang='lat' dir='ltr'>ut</span> <span class='ocrx_word' id='word_1_56' title='bbox 645 758 689 799; x_wconf 89' lang='lat' dir='ltr'>in</span> <span class='ocrx_word' id='word_1_57' title='bbox 722 757 863 799; x_wconf 86' lang='lat' dir='ltr'>media</span> <span class='ocrx_word' id='word_1_58' title='bbox 893 759 1045 800; x_wconf 86' lang='lat' dir='ltr'>mundi</span> <span class='ocrx_word' id='word_1_59' title='bbox 1075 759 1248 816; x_wconf 86' lang='lat' dir='ltr'>regione</span> <span class='ocrx_word' id='word_1_60' title='bbox 1280 761 1486 816; x_wconf 81' lang='lat' dir='ltr'>quiescat,</span> 
     </span>
    </p>

    <p class='ocr_par' dir='ltr' id='par_1_9' title="bbox 261 824 1745 882">
     <span class='ocr_line' id='line_1_10' title="bbox 261 824 1745 882; baseline 0.002 -17"><span class='ocrx_word' id='word_1_61' title='bbox 261 839 509 866; x_wconf 88' lang='lat' dir='ltr'>evanescere</span> <span class='ocrx_word' id='word_1_62' title='bbox 540 824 751 879; x_wconf 84' lang='lat' dir='ltr'>paulatim</span> <span class='ocrx_word' id='word_1_63' title='bbox 783 829 827 865; x_wconf 93' lang='lat' dir='ltr'>et</span> <span class='ocrx_word' id='word_1_64' title='bbox 857 824 1099 867; x_wconf 80' lang='lat' dir='ltr'>decrescere</span> <span class='ocrx_word' id='word_1_65' title='bbox 1130 826 1298 881; x_wconf 90' lang='lat' dir='ltr'>pondus</span> <span class='ocrx_word' id='word_1_66' title='bbox 1668 839 1745 882; x_wconf 83' lang='lat'>535</span> 
     </span>
    </p>

    <p class='ocr_par' dir='ltr' id='par_1_10' title="bbox 260 892 1393 949">
     <span class='ocr_line' id='line_1_11' title="bbox 260 892 1393 949; baseline 0.001 -14"><span class='ocrx_word' id='word_1_67' title='bbox 260 892 470 941; x_wconf 85' lang='lat' dir='ltr'>convenit,</span> <span class='ocrx_word' id='word_1_68' title='bbox 501 897 632 947; x_wconf 86' lang='lat' dir='ltr'>atque</span> <span class='ocrx_word' id='word_1_69' title='bbox 663 892 792 933; x_wconf 77' lang='lat' dir='ltr'>aliam</span> <span class='ocrx_word' id='word_1_70' title='bbox 824 898 1024 934; x_wconf 85' lang='lat' dir='ltr'>naturam</span> <span class='ocrx_word' id='word_1_71' title='bbox 1056 900 1205 949; x_wconf 87' lang='lat' dir='ltr'>supter</span> <span class='ocrx_word' id='word_1_72' title='bbox 1236 894 1393 936; x_wconf 89' lang='lat' dir='ltr'>habere</span> 
     </span>
    </p>

    <p class='ocr_par' dir='ltr' id='par_1_11' title="bbox 262 961 1478 1020">
     <span class='ocr_line' id='line_1_12' title="bbox 262 961 1478 1020; baseline 0.002 -18"><span class='ocrx_word' id='word_1_73' title='bbox 262 976 313 1003; x_wconf 86' lang='lat' dir='ltr'>ex</span> <span class='ocrx_word' id='word_1_74' title='bbox 344 961 521 1003; x_wconf 90' lang='lat' dir='ltr'>ineunte</span> <span class='ocrx_word' id='word_1_75' title='bbox 553 976 657 1002; x_wconf 89' lang='lat' dir='ltr'>aevo</span> <span class='ocrx_word' id='word_1_76' title='bbox 688 961 960 1003; x_wconf 84' lang='lat' dir='ltr'>coniunctam</span> <span class='ocrx_word' id='word_1_77' title='bbox 991 968 1123 1018; x_wconf 90' lang='lat' dir='ltr'>atque</span> <span class='ocrx_word' id='word_1_78' title='bbox 1156 963 1300 1005; x_wconf 89' lang='lat' dir='ltr'>uniter</span> <span class='ocrx_word' id='word_1_79' title='bbox 1331 968 1478 1020; x_wconf 83' lang='lat' dir='ltr'>aptam</span> 
     </span>
    </p>

    <p class='ocr_par' dir='ltr' id='par_1_12' title="bbox 262 1027 1292 1083">
     <span class='ocr_line' id='line_1_13' title="bbox 262 1027 1292 1083; baseline 0.002 -15"><span class='ocrx_word' id='word_1_80' title='bbox 262 1027 456 1083; x_wconf 86' lang='lat' dir='ltr'>partibus</span> <span class='ocrx_word' id='word_1_81' title='bbox 486 1027 612 1069; x_wconf 86' lang='lat' dir='ltr'>aeriis</span> <span class='ocrx_word' id='word_1_82' title='bbox 643 1027 794 1069; x_wconf 89' lang='lat' dir='ltr'>mundi</span> <span class='ocrx_word' id='word_1_83' title='bbox 826 1028 981 1083; x_wconf 88' lang='lat' dir='ltr'>quibus</span> <span class='ocrx_word' id='word_1_84' title='bbox 1012 1028 1144 1070; x_wconf 88' lang='lat' dir='ltr'>insita</span> <span class='ocrx_word' id='word_1_85' title='bbox 1174 1029 1292 1071; x_wconf 82' lang='lat' dir='ltr'>vivit.</span> 
     </span>
    </p>

    <p class='ocr_par' dir='ltr' id='par_1_13' title="bbox 262 1097 1436 1153">
     <span class='ocr_line' id='line_1_14' title="bbox 262 1097 1436 1153; baseline 0.002 -16"><span class='ocrx_word' id='word_1_86' title='bbox 262 1101 487 1153; x_wconf 87' lang='lat' dir='ltr'>propterea</span> <span class='ocrx_word' id='word_1_87' title='bbox 518 1111 602 1137; x_wconf 90' lang='lat' dir='ltr'>non</span> <span class='ocrx_word' id='word_1_88' title='bbox 633 1102 698 1138; x_wconf 88' lang='lat' dir='ltr'>est</span> <span class='ocrx_word' id='word_1_89' title='bbox 730 1097 847 1138; x_wconf 89' lang='lat' dir='ltr'>oneri</span> <span class='ocrx_word' id='word_1_90' title='bbox 878 1112 1017 1152; x_wconf 88' lang='lat' dir='ltr'>neque</span> <span class='ocrx_word' id='word_1_91' title='bbox 1049 1098 1254 1153; x_wconf 87' lang='lat' dir='ltr'>deprimit</span> <span class='ocrx_word' id='word_1_92' title='bbox 1285 1113 1436 1150; x_wconf 83' lang='lat' dir='ltr'>auras3</span> 
     </span>
    </p>

    <p class='ocr_par' dir='ltr' id='par_1_14' title="bbox 261 1162 1751 1220">
     <span class='ocr_line' id='line_1_15' title="bbox 261 1162 1751 1220; baseline 0.003 -16"><span class='ocrx_word' id='word_1_93' title='bbox 261 1168 311 1204; x_wconf 88' lang='lat' dir='ltr'>ut</span> <span class='ocrx_word' id='word_1_94' title='bbox 341 1177 420 1203; x_wconf 86' lang='lat' dir='ltr'>sua</span> <span class='ocrx_word' id='word_1_95' title='bbox 449 1162 604 1218; x_wconf 86' lang='lat' dir='ltr'>cuique</span> <span class='ocrx_word' id='word_1_96' title='bbox 637 1163 799 1204; x_wconf 87' lang='lat' dir='ltr'>homini</span> <span class='ocrx_word' id='word_1_97' title='bbox 831 1163 949 1204; x_wconf 91' lang='lat' dir='ltr'>nullo</span> <span class='ocrx_word' id='word_1_98' title='bbox 980 1170 1083 1205; x_wconf 89' lang='lat' dir='ltr'>sunt</span> <span class='ocrx_word' id='word_1_99' title='bbox 1114 1165 1301 1220; x_wconf 89' lang='lat' dir='ltr'>pondere</span> <span class='ocrx_word' id='word_1_100' title='bbox 1332 1165 1524 1207; x_wconf 83' lang='lat' dir='ltr'>membra</span> <span class='ocrx_word' id='word_1_101' title='bbox 1670 1176 1751 1219; x_wconf 80' lang='grc'><strong>540</strong></span> 
     </span>
    </p>

    <p class='ocr_par' dir='ltr' id='par_1_15' title="bbox 261 1230 1384 1286">
     <span class='ocr_line' id='line_1_16' title="bbox 261 1230 1384 1286; baseline 0.003 -16"><span class='ocrx_word' id='word_1_102' title='bbox 261 1244 339 1271; x_wconf 90' lang='lat' dir='ltr'>nec</span> <span class='ocrx_word' id='word_1_103' title='bbox 370 1235 500 1285; x_wconf 86' lang='lat' dir='ltr'>caput</span> <span class='ocrx_word' id='word_1_104' title='bbox 531 1236 597 1271; x_wconf 85' lang='lat' dir='ltr'>est</span> <span class='ocrx_word' id='word_1_105' title='bbox 627 1230 745 1271; x_wconf 88' lang='lat' dir='ltr'>oneri</span> <span class='ocrx_word' id='word_1_106' title='bbox 776 1230 882 1271; x_wconf 90' lang='lat' dir='ltr'>collo</span> <span class='ocrx_word' id='word_1_107' title='bbox 914 1245 992 1272; x_wconf 92' lang='lat' dir='ltr'>nec</span> <span class='ocrx_word' id='word_1_108' title='bbox 1023 1231 1208 1286; x_wconf 88' lang='lat' dir='ltr'>denique</span> <span class='ocrx_word' id='word_1_109' title='bbox 1240 1237 1384 1273; x_wconf 89' lang='lat' dir='ltr'>totum</span> 
     </span>
    </p>

    <p class='ocr_par' dir='ltr' id='par_1_16' title="bbox 261 1298 1366 1355">
     <span class='ocr_line' id='line_1_17' title="bbox 261 1298 1366 1355; baseline 0.002 -16"><span class='ocrx_word' id='word_1_110' title='bbox 261 1298 446 1354; x_wconf 84' lang='lat' dir='ltr'>corporis</span> <span class='ocrx_word' id='word_1_111' title='bbox 476 1298 521 1339; x_wconf 90' lang='lat' dir='ltr'>in</span> <span class='ocrx_word' id='word_1_112' title='bbox 551 1299 733 1354; x_wconf 88' lang='lat' dir='ltr'>pedibus</span> <span class='ocrx_word' id='word_1_113' title='bbox 764 1299 930 1355; x_wconf 87' lang='lat' dir='ltr'>pondus</span> <span class='ocrx_word' id='word_1_114' title='bbox 961 1300 1172 1341; x_wconf 86' lang='lat' dir='ltr'>sentimus</span> <span class='ocrx_word' id='word_1_115' title='bbox 1202 1300 1340 1342; x_wconf 89' lang='lat' dir='ltr'>inesse</span> <span class='ocrx_word' id='word_1_116' title='bbox 1357 1317 1366 1352; x_wconf 90' lang='lat'>;</span> 
     </span>
    </p>

    <p class='ocr_par' dir='ltr' id='par_1_17' title="bbox 261 1369 1417 1425">
     <span class='ocr_line' id='line_1_18' title="bbox 261 1369 1417 1425; baseline 0.002 -15"><span class='ocrx_word' id='word_1_117' title='bbox 261 1373 307 1410; x_wconf 84' lang='lat' dir='ltr'>at</span> <span class='ocrx_word' id='word_1_118' title='bbox 338 1383 632 1424; x_wconf 87' lang='lat' dir='ltr'>quaecumque</span> <span class='ocrx_word' id='word_1_119' title='bbox 664 1369 763 1410; x_wconf 88' lang='lat' dir='ltr'>foris</span> <span class='ocrx_word' id='word_1_120' title='bbox 794 1369 976 1411; x_wconf 91' lang='lat' dir='ltr'>veniunt</span> <span class='ocrx_word' id='word_1_121' title='bbox 1007 1370 1263 1425; x_wconf 88' lang='lat' dir='ltr'>inpostaque</span> <span class='ocrx_word' id='word_1_122' title='bbox 1294 1369 1417 1412; x_wconf 85' lang='lat' dir='ltr'>nobis</span> 
     </span>
    </p>

    <p class='ocr_par' dir='ltr' id='par_1_18' title="bbox 261 1436 1410 1493">
     <span class='ocr_line' id='line_1_19' title="bbox 261 1436 1410 1493; baseline 0.002 -15"><span class='ocrx_word' id='word_1_123' title='bbox 261 1436 450 1492; x_wconf 88' lang='lat' dir='ltr'>pondera</span> <span class='ocrx_word' id='word_1_124' title='bbox 478 1442 581 1479; x_wconf 87' lang='lat' dir='ltr'>sunt</span> <span class='ocrx_word' id='word_1_125' title='bbox 612 1437 801 1487; x_wconf 85' lang='lat' dir='ltr'>laedunt,</span> <span class='ocrx_word' id='word_1_126' title='bbox 833 1438 1047 1493; x_wconf 89' lang='lat' dir='ltr'>permulto</span> <span class='ocrx_word' id='word_1_127' title='bbox 1078 1453 1204 1493; x_wconf 89' lang='lat' dir='ltr'>saepe</span> <span class='ocrx_word' id='word_1_128' title='bbox 1237 1438 1410 1480; x_wconf 86' lang='lat' dir='ltr'>minora.</span> 
     </span>
    </p>

    <p class='ocr_par' dir='ltr' id='par_1_19' title="bbox 262 1506 1745 1563">
     <span class='ocr_line' id='line_1_20' title="bbox 262 1506 1745 1563; baseline 0.001 -16"><span class='ocrx_word' id='word_1_129' title='bbox 262 1521 397 1562; x_wconf 86' lang='lat' dir='ltr'>usque</span> <span class='ocrx_word' id='word_1_130' title='bbox 427 1506 533 1548; x_wconf 89' lang='lat' dir='ltr'>adeo</span> <span class='ocrx_word' id='word_1_131' title='bbox 563 1506 710 1562; x_wconf 86' lang='lat' dir='ltr'>magni</span> <span class='ocrx_word' id='word_1_132' title='bbox 740 1508 870 1549; x_wconf 87' lang='lat' dir='ltr'>refert</span> <span class='ocrx_word' id='word_1_133' title='bbox 901 1507 1005 1563; x_wconf 90' lang='lat' dir='ltr'>quid</span> <span class='ocrx_word' id='word_1_134' title='bbox 1036 1521 1232 1563; x_wconf 91' lang='lat' dir='ltr'>quaeque</span> <span class='ocrx_word' id='word_1_135' title='bbox 1263 1507 1389 1549; x_wconf 91' lang='lat' dir='ltr'>obeat</span> <span class='ocrx_word' id='word_1_136' title='bbox 1420 1521 1496 1550; x_wconf 87' lang='lat' dir='ltr'>res.</span> <span class='ocrx_word' id='word_1_137' title='bbox 1668 1516 1745 1560; x_wconf 83' lang='lat'>545</span> 
     </span>
    </p>

    <p class='ocr_par' dir='ltr' id='par_1_20' title="bbox 260 1574 1231 1632">
     <span class='ocr_line' id='line_1_21' title="bbox 260 1574 1231 1632; baseline 0.001 -16"><span class='ocrx_word' id='word_1_138' title='bbox 260 1575 320 1616; x_wconf 91' lang='lat' dir='ltr'>sic</span> <span class='ocrx_word' id='word_1_139' title='bbox 350 1574 484 1631; x_wconf 87' lang='lat' dir='ltr'>igitur</span> <span class='ocrx_word' id='word_1_140' title='bbox 514 1576 643 1617; x_wconf 87' lang='lat' dir='ltr'>tellus</span> <span class='ocrx_word' id='word_1_141' title='bbox 673 1591 759 1617; x_wconf 89' lang='lat' dir='ltr'>non</span> <span class='ocrx_word' id='word_1_142' title='bbox 789 1582 855 1618; x_wconf 88' lang='lat' dir='ltr'>est</span> <span class='ocrx_word' id='word_1_143' title='bbox 884 1576 1024 1617; x_wconf 87' lang='lat' dir='ltr'>aliena</span> <span class='ocrx_word' id='word_1_144' title='bbox 1055 1581 1231 1632; x_wconf 89' lang='lat' dir='ltr'>repente</span> 
     </span>
    </p>

    <p class='ocr_par' dir='ltr' id='par_1_21' title="bbox 262 1645 1295 1700">
     <span class='ocr_line' id='line_1_22' title="bbox 262 1645 1295 1700; baseline 0.001 -15"><span class='ocrx_word' id='word_1_145' title='bbox 262 1645 393 1686; x_wconf 80' lang='lat' dir='ltr'>allata</span> <span class='ocrx_word' id='word_1_146' title='bbox 423 1649 553 1700; x_wconf 87' lang='lat' dir='ltr'>atque</span> <span class='ocrx_word' id='word_1_147' title='bbox 584 1645 699 1686; x_wconf 87' lang='lat' dir='ltr'>auris</span> <span class='ocrx_word' id='word_1_148' title='bbox 730 1645 903 1687; x_wconf 87' lang='lat' dir='ltr'>aliunde</span> <span class='ocrx_word' id='word_1_149' title='bbox 935 1645 1103 1687; x_wconf 89' lang='lat' dir='ltr'>obiecta</span> <span class='ocrx_word' id='word_1_150' title='bbox 1133 1645 1295 1695; x_wconf 88' lang='lat' dir='ltr'>alienis,</span> 
     </span>
    </p>

    <p class='ocr_par' dir='ltr' id='par_1_22' title="bbox 262 1713 1391 1769">
     <span class='ocr_line' id='line_1_23' title="bbox 262 1713 1391 1769; baseline 0 -15"><span class='ocrx_word' id='word_1_151' title='bbox 262 1713 336 1754; x_wconf 89' lang='lat' dir='ltr'>sed</span> <span class='ocrx_word' id='word_1_152' title='bbox 366 1713 527 1768; x_wconf 89' lang='lat' dir='ltr'>pariter</span> <span class='ocrx_word' id='word_1_153' title='bbox 556 1714 695 1769; x_wconf 87' lang='lat' dir='ltr'>prima</span> <span class='ocrx_word' id='word_1_154' title='bbox 724 1719 930 1769; x_wconf 88' lang='lat' dir='ltr'>concepta</span> <span class='ocrx_word' id='word_1_155' title='bbox 959 1713 1014 1755; x_wconf 89' lang='lat' dir='ltr'>ab</span> <span class='ocrx_word' id='word_1_156' title='bbox 1045 1713 1208 1769; x_wconf 86' lang='lat' dir='ltr'>origine</span> <span class='ocrx_word' id='word_1_157' title='bbox 1239 1713 1391 1754; x_wconf 89' lang='lat' dir='ltr'>mundi</span> 
     </span>
    </p>

    <p class='ocr_par' dir='ltr' id='par_1_23' title="bbox 263 1781 1497 1837">
     <span class='ocr_line' id='line_1_24' title="bbox 263 1781 1497 1837; baseline 0.001 -15"><span class='ocrx_word' id='word_1_158' title='bbox 263 1787 463 1836; x_wconf 89' lang='lat' dir='ltr'>certaque</span> <span class='ocrx_word' id='word_1_159' title='bbox 494 1796 590 1837; x_wconf 90' lang='lat' dir='ltr'>pars</span> <span class='ocrx_word' id='word_1_160' title='bbox 621 1782 723 1831; x_wconf 87' lang='lat' dir='ltr'>eius,</span> <span class='ocrx_word' id='word_1_161' title='bbox 755 1781 877 1837; x_wconf 85' lang='lat' dir='ltr'>quasi</span> <span class='ocrx_word' id='word_1_162' title='bbox 906 1782 1029 1823; x_wconf 89' lang='lat' dir='ltr'>nobis</span> <span class='ocrx_word' id='word_1_163' title='bbox 1060 1782 1254 1823; x_wconf 87' lang='lat' dir='ltr'>membra</span> <span class='ocrx_word' id='word_1_164' title='bbox 1285 1781 1497 1824; x_wconf 85' lang='lat' dir='ltr'>videntur.</span> 
     </span>
    </p>

    <p class='ocr_par' dir='ltr' id='par_1_24' title="bbox 262 1850 1750 1906">
     <span class='ocr_line' id='line_1_25' title="bbox 262 1850 1750 1906; baseline 0.001 -15"><span class='ocrx_word' id='word_1_165' title='bbox 262 1855 483 1905; x_wconf 85' lang='lat' dir='ltr'>praeterea</span> <span class='ocrx_word' id='word_1_166' title='bbox 512 1850 665 1906; x_wconf 88' lang='lat' dir='ltr'>grandi</span> <span class='ocrx_word' id='word_1_167' title='bbox 696 1851 860 1892; x_wconf 88' lang='lat' dir='ltr'>tonitru</span> <span class='ocrx_word' id='word_1_168' title='bbox 891 1865 1093 1892; x_wconf 89' lang='lat' dir='ltr'>concussa</span> <span class='ocrx_word' id='word_1_169' title='bbox 1122 1857 1312 1906; x_wconf 86' lang='lat' dir='ltr'>repente,</span> <span class='ocrx_word' id='word_1_170' title='bbox 1668 1860 1750 1904; x_wconf 85' lang='lat'>550</span> 
     </span>
    </p>

    <p class='ocr_par' dir='ltr' id='par_1_25' title="bbox 262 1919 1456 1975">
     <span class='ocr_line' id='line_1_26' title="bbox 262 1919 1456 1975; baseline 0.001 -15"><span class='ocrx_word' id='word_1_171' title='bbox 262 1924 377 1961; x_wconf 88' lang='lat' dir='ltr'>terra</span> <span class='ocrx_word' id='word_1_172' title='bbox 407 1934 536 1975; x_wconf 91' lang='lat' dir='ltr'>supra</span> <span class='ocrx_word' id='word_1_173' title='bbox 564 1934 674 1975; x_wconf 87' lang='lat' dir='ltr'>quae</span> <span class='ocrx_word' id='word_1_174' title='bbox 705 1934 750 1961; x_wconf 84' lang='lat' dir='ltr'>se</span> <span class='ocrx_word' id='word_1_175' title='bbox 781 1925 883 1961; x_wconf 90' lang='lat' dir='ltr'>sunt</span> <span class='ocrx_word' id='word_1_176' title='bbox 913 1919 1106 1961; x_wconf 88' lang='lat' dir='ltr'>concutit</span> <span class='ocrx_word' id='word_1_177' title='bbox 1136 1919 1280 1960; x_wconf 87' lang='lat' dir='ltr'>omnia</span> <span class='ocrx_word' id='word_1_178' title='bbox 1309 1924 1456 1962; x_wconf 88' lang='lat' dir='ltr'>motu:</span> 
     </span>
    </p>

    <p class='ocr_par' dir='ltr' id='par_1_26' title="bbox 263 1988 1441 2045">
     <span class='ocr_line' id='line_1_27' title="bbox 263 1988 1441 2045; baseline 0.001 -16"><span class='ocrx_word' id='word_1_179' title='bbox 263 1988 376 2044; x_wconf 90' lang='lat' dir='ltr'>quod</span> <span class='ocrx_word' id='word_1_180' title='bbox 407 1989 542 2030; x_wconf 86' lang='lat' dir='ltr'>facere</span> <span class='ocrx_word' id='word_1_181' title='bbox 573 1989 681 2030; x_wconf 90' lang='lat' dir='ltr'>haut</span> <span class='ocrx_word' id='word_1_182' title='bbox 711 1989 801 2031; x_wconf 92' lang='lat' dir='ltr'>ulla</span> <span class='ocrx_word' id='word_1_183' title='bbox 830 1995 974 2045; x_wconf 91' lang='lat' dir='ltr'>posset</span> <span class='ocrx_word' id='word_1_184' title='bbox 1005 1989 1181 2039; x_wconf 88' lang='lat' dir='ltr'>ratione,</span> <span class='ocrx_word' id='word_1_185' title='bbox 1212 1988 1297 2030; x_wconf 88' lang='lat' dir='ltr'>nisi</span> <span class='ocrx_word' id='word_1_186' title='bbox 1328 1994 1441 2030; x_wconf 88' lang='lat' dir='ltr'>esset</span> 
     </span>
    </p>

    <p class='ocr_par' dir='ltr' id='par_1_27' title="bbox 262 2058 1259 2114">
     <span class='ocr_line' id='line_1_28' title="bbox 262 2058 1259 2114; baseline 0 -15"><span class='ocrx_word' id='word_1_187' title='bbox 262 2058 457 2113; x_wconf 87' lang='lat' dir='ltr'>partibus</span> <span class='ocrx_word' id='word_1_188' title='bbox 487 2058 613 2099; x_wconf 90' lang='lat' dir='ltr'>aeriis</span> <span class='ocrx_word' id='word_1_189' title='bbox 644 2058 794 2100; x_wconf 86' lang='lat' dir='ltr'>mundi</span> <span class='ocrx_word' id='word_1_190' title='bbox 825 2059 1025 2114; x_wconf 87' lang='lat' dir='ltr'>caeloque</span> <span class='ocrx_word' id='word_1_191' title='bbox 1056 2058 1259 2099; x_wconf 87' lang='lat' dir='ltr'>revincta.</span> 
     </span>
    </p>

    <p class='ocr_par' dir='ltr' id='par_1_28' title="bbox 262 2128 1365 2170">
     <span class='ocr_line' id='line_1_29' title="bbox 262 2128 1365 2170; baseline 0.001 -2"><span class='ocrx_word' id='word_1_192' title='bbox 262 2142 363 2169; x_wconf 88' lang='lat' dir='ltr'>nam</span> <span class='ocrx_word' id='word_1_193' title='bbox 394 2128 691 2169; x_wconf 88' lang='lat' dir='ltr'>communibus</span> <span class='ocrx_word' id='word_1_194' title='bbox 721 2128 836 2170; x_wconf 89' lang='lat' dir='ltr'>inter</span> <span class='ocrx_word' id='word_1_195' title='bbox 865 2143 909 2170; x_wconf 89' lang='lat' dir='ltr'>se</span> <span class='ocrx_word' id='word_1_196' title='bbox 940 2128 1154 2170; x_wconf 88' lang='lat' dir='ltr'>radicibus</span> <span class='ocrx_word' id='word_1_197' title='bbox 1185 2129 1365 2169; x_wconf 88' lang='lat' dir='ltr'>haerent</span> 
     </span>
    </p>

    <p class='ocr_par' dir='ltr' id='par_1_29' title="bbox 262 2197 1743 2252">
     <span class='ocr_line' id='line_1_30' title="bbox 262 2197 1743 2252; baseline -0.001 -14"><span class='ocrx_word' id='word_1_198' title='bbox 262 2212 315 2239; x_wconf 86' lang='lat' dir='ltr'>ex</span> <span class='ocrx_word' id='word_1_199' title='bbox 345 2197 522 2239; x_wconf 90' lang='lat' dir='ltr'>ineunte</span> <span class='ocrx_word' id='word_1_200' title='bbox 553 2212 657 2239; x_wconf 86' lang='lat' dir='ltr'>aevo</span> <span class='ocrx_word' id='word_1_201' title='bbox 687 2197 915 2239; x_wconf 84' lang='lat' dir='ltr'>coniuncta</span> <span class='ocrx_word' id='word_1_202' title='bbox 943 2202 1074 2252; x_wconf 89' lang='lat' dir='ltr'>atque</span> <span class='ocrx_word' id='word_1_203' title='bbox 1106 2197 1252 2238; x_wconf 88' lang='lat' dir='ltr'>uniter</span> <span class='ocrx_word' id='word_1_204' title='bbox 1282 2202 1394 2252; x_wconf 86' lang='lat' dir='ltr'>apta.</span> <span class='ocrx_word' id='word_1_205' title='bbox 1666 2207 1743 2251; x_wconf 88' lang='lat'>555</span> 
     </span>
    </p>
   </div>
   <div class='ocr_carea' id='block_1_3' title="bbox 142 2337 1750 2976">
    <p class='ocr_par' dir='ltr' id='par_1_30' title="bbox 142 2337 1750 2976">
     <span class='ocr_line' id='line_1_31' title="bbox 147 2337 1748 2381; baseline 0.001 -11"><span class='ocrx_word' id='word_1_206' title='bbox 147 2338 242 2371; x_wconf 75' lang='lat' dir='ltr'>Junt.</span> <span class='ocrx_word' id='word_1_207' title='bbox 262 2337 316 2369; x_wconf 87' lang='lat' dir='ltr'>for</span> <span class='ocrx_word' id='word_1_208' title='bbox 330 2347 463 2371; x_wconf 84' lang='lat' dir='ltr'>omnem.</span> <span class='ocrx_word' id='word_1_209' title='bbox 598 2338 660 2369; x_wconf 89' lang='lat'>531</span> <span class='ocrx_word' id='word_1_210' title='bbox 684 2339 729 2370; x_wconf 83' lang='lat' dir='ltr'>sit</span> <span class='ocrx_word' id='word_1_211' title='bbox 744 2339 782 2370; x_wconf 82' lang='lat' dir='ltr'>in</span> <span class='ocrx_word' id='word_1_212' title='bbox 798 2340 856 2370; x_wconf 79' lang='lat' dir='ltr'>hoc</span> <span class='ocrx_word' id='word_1_213' title='bbox 873 2349 1000 2379; x_wconf 89' lang='lat' dir='ltr'>quoque</span> <span class='ocrx_word' id='word_1_214' title='bbox 1016 2349 1118 2370; x_wconf 82' lang='lat' dir='ltr'>causa</span> <span class='ocrx_word' id='word_1_215' title='bbox 1133 2338 1196 2371; x_wconf 83' lang='lat' dir='ltr'>Ed.</span> <span class='ocrx_word' id='word_1_216' title='bbox 1219 2339 1272 2371; x_wconf 87' lang='lat' dir='ltr'>for</span> <span class='ocrx_word' id='word_1_217' title='bbox 1286 2340 1332 2370; x_wconf 82' lang='lat' dir='ltr'>sit</span> <span class='ocrx_word' id='word_1_218' title='bbox 1346 2344 1378 2371; x_wconf 85' lang='lat' dir='ltr'>et</span> <span class='ocrx_word' id='word_1_219' title='bbox 1395 2339 1474 2371; x_wconf 81' lang='lat' dir='ltr'>haec</span> <span class='ocrx_word' id='word_1_220' title='bbox 1490 2349 1614 2381; x_wconf 84' lang='lat' dir='ltr'>quoque</span> <span class='ocrx_word' id='word_1_221' title='bbox 1635 2349 1748 2372; x_wconf 76' lang='lat' dir='ltr'>causa.</span> 
     </span>
     <span class='ocr_line' id='line_1_32' title="bbox 147 2391 1746 2434; baseline 0.001 -10"><span class='ocrx_word' id='word_1_222' title='bbox 147 2394 210 2424; x_wconf 81' lang='lat' dir='ltr'>siet</span> <span class='ocrx_word' id='word_1_223' title='bbox 227 2393 306 2423; x_wconf 83' lang='lat' dir='ltr'>haec</span> <span class='ocrx_word' id='word_1_224' title='bbox 321 2391 426 2424; x_wconf 85' lang='lat' dir='ltr'>Lach.</span> <span class='ocrx_word' id='word_1_225' title='bbox 440 2400 448 2423; x_wconf 74' lang='grc' dir='ltr'>ε</span> <span class='ocrx_word' id='word_1_226' title='bbox 473 2391 534 2423; x_wconf 80' lang='lat' dir='ltr'>but</span> <span class='ocrx_word' id='word_1_227' title='bbox 555 2392 636 2424; x_wconf 82' lang='lat' dir='ltr'>haec</span> <span class='ocrx_word' id='word_1_228' title='bbox 657 2392 721 2424; x_wconf 86' lang='lat' dir='ltr'>has</span> <span class='ocrx_word' id='word_1_229' title='bbox 742 2402 787 2423; x_wconf 89' lang='lat' dir='ltr'>no</span> <span class='ocrx_word' id='word_1_230' title='bbox 804 2392 894 2424; x_wconf 84' lang='lat' dir='ltr'>force</span> <span class='ocrx_word' id='word_1_231' title='bbox 911 2392 979 2424; x_wconf 88' lang='lat' dir='ltr'>and</span> <span class='ocrx_word' id='word_1_232' title='bbox 994 2392 1057 2424; x_wconf 88' lang='lat' dir='ltr'>has</span> <span class='ocrx_word' id='word_1_233' title='bbox 1074 2403 1169 2424; x_wconf 88' lang='lat' dir='ltr'>come</span> <span class='ocrx_word' id='word_1_234' title='bbox 1185 2393 1275 2424; x_wconf 77' lang='lat' dir='ltr'>from</span> <span class='ocrx_word' id='word_1_235' title='bbox 1291 2392 1350 2424; x_wconf 84' lang='lat' dir='ltr'>the</span> <span class='ocrx_word' id='word_1_236' title='bbox 1365 2393 1617 2434; x_wconf 84' lang='lat' dir='ltr'>neighbouring</span> <span class='ocrx_word' id='word_1_237' title='bbox 1633 2404 1746 2427; x_wconf 77' lang='lat' dir='ltr'>causa.</span> 
     </span>
     <span class='ocr_line' id='line_1_33' title="bbox 147 2446 1750 2488; baseline 0 -9"><span class='ocrx_word' id='word_1_238' title='bbox 147 2449 209 2479; x_wconf 76' lang='lat' dir='ltr'>siet</span> <span class='ocrx_word' id='word_1_239' title='bbox 226 2448 280 2478; x_wconf 79' lang='lat' dir='ltr'>hic</span> <span class='ocrx_word' id='word_1_240' title='bbox 295 2446 396 2479; x_wconf 89' lang='lat' dir='ltr'>Bern.</span> <span class='ocrx_word' id='word_1_241' title='bbox 561 2446 625 2478; x_wconf 85' lang='lat'>532</span> <span class='ocrx_word' id='word_1_242' title='bbox 648 2452 764 2486; x_wconf 70' lang='lat' dir='ltr'>veyeat</span> <span class='ocrx_word' id='word_1_243' title='bbox 781 2446 850 2478; x_wconf 76' lang='lat' dir='ltr'>Gis.</span> <span class='ocrx_word' id='word_1_244' title='bbox 868 2447 921 2478; x_wconf 86' lang='lat' dir='ltr'>for</span> <span class='ocrx_word' id='word_1_245' title='bbox 935 2448 1058 2487; x_wconf 76' lang='lat' dir='ltr'>viyeat.</span> <span class='ocrx_word' id='word_1_246' title='bbox 1218 2448 1281 2479; x_wconf 88' lang='lat'>533</span> <span class='ocrx_word' id='word_1_247' title='bbox 1300 2449 1544 2488; x_wconf 75' lang='lat' dir='ltr'>proqredientz&#39;s</span> <span class='ocrx_word' id='word_1_248' title='bbox 1560 2448 1679 2480; x_wconf 86' lang='lat' dir='ltr'>Lamb.</span> <span class='ocrx_word' id='word_1_249' title='bbox 1697 2448 1750 2479; x_wconf 85' lang='lat' dir='ltr'>for</span> 
     </span>
     <span class='ocr_line' id='line_1_34' title="bbox 142 2500 1749 2543; baseline 0 -10"><span class='ocrx_word' id='word_1_250' title='bbox 142 2501 406 2542; x_wconf 78' lang='lat' dir='ltr'>proqredientes:</span> <span class='ocrx_word' id='word_1_251' title='bbox 431 2505 479 2532; x_wconf 87' lang='lat' dir='ltr'>est</span> <span class='ocrx_word' id='word_1_252' title='bbox 494 2501 546 2531; x_wconf 78' lang='lat' dir='ltr'>for</span> <span class='ocrx_word' id='word_1_253' title='bbox 563 2502 641 2532; x_wconf 84' lang='lat' dir='ltr'>licet</span> <span class='ocrx_word' id='word_1_254' title='bbox 656 2500 686 2532; x_wconf 86' lang='lat' dir='ltr'>is</span> <span class='ocrx_word' id='word_1_255' title='bbox 703 2503 765 2533; x_wconf 86' lang='lat' dir='ltr'>not</span> <span class='ocrx_word' id='word_1_256' title='bbox 781 2501 978 2533; x_wconf 84' lang='lat' dir='ltr'>Lucretian.</span> <span class='ocrx_word' id='word_1_257' title='bbox 1116 2502 1177 2533; x_wconf 85' lang='lat'>536</span> <span class='ocrx_word' id='word_1_258' title='bbox 1200 2507 1324 2543; x_wconf 80' lang='lat' dir='ltr'>supter.</span> <span class='ocrx_word' id='word_1_259' title='bbox 1370 2504 1482 2534; x_wconf 80' lang='lat' dir='ltr'>subter</span> <span class='ocrx_word' id='word_1_260' title='bbox 1496 2502 1587 2534; x_wconf 87' lang='lat' dir='ltr'>Flor.</span> <span class='ocrx_word' id='word_1_261' title='bbox 1604 2503 1644 2533; x_wconf 86' lang='lat'>31</span> <span class='ocrx_word' id='word_1_262' title='bbox 1663 2503 1749 2534; x_wconf 87' lang='lat' dir='ltr'>Mar.</span> 
     </span>
     <span class='ocr_line' id='line_1_35' title="bbox 148 2555 1749 2596; baseline 0.001 -10"><span class='ocrx_word' id='word_1_263' title='bbox 148 2556 246 2587; x_wconf 86' lang='lat' dir='ltr'>Junt.</span> <span class='ocrx_word' id='word_1_264' title='bbox 263 2556 316 2587; x_wconf 87' lang='lat' dir='ltr'>for</span> <span class='ocrx_word' id='word_1_265' title='bbox 331 2565 438 2595; x_wconf 82' lang='lat' dir='ltr'>super.</span> <span class='ocrx_word' id='word_1_266' title='bbox 543 2556 607 2587; x_wconf 84' lang='lat'>538</span> <span class='ocrx_word' id='word_1_267' title='bbox 630 2557 728 2588; x_wconf 79' lang='lat' dir='ltr'>vivit.</span> <span class='ocrx_word' id='word_1_268' title='bbox 775 2558 879 2588; x_wconf 81' lang='lat' dir='ltr'>crevit</span> <span class='ocrx_word' id='word_1_269' title='bbox 895 2555 1000 2588; x_wconf 88' lang='lat' dir='ltr'>Lach.</span> <span class='ocrx_word' id='word_1_270' title='bbox 1047 2557 1130 2588; x_wconf 77' lang='lat' dir='ltr'>sidit</span> <span class='ocrx_word' id='word_1_271' title='bbox 1146 2556 1266 2588; x_wconf 89' lang='lat' dir='ltr'>Lamb.</span> <span class='ocrx_word' id='word_1_272' title='bbox 1284 2556 1336 2588; x_wconf 84' lang='lat' dir='ltr'>ed.</span> <span class='ocrx_word' id='word_1_273' title='bbox 1354 2558 1374 2587; x_wconf 85' lang='lat'><strong>2</strong></span> <span class='ocrx_word' id='word_1_274' title='bbox 1390 2556 1459 2588; x_wconf 86' lang='lat' dir='ltr'>and</span> <span class='ocrx_word' id='word_1_275' title='bbox 1476 2557 1495 2587; x_wconf 89' lang='lat'><strong>3</strong></span> <span class='ocrx_word' id='word_1_276' title='bbox 1515 2559 1570 2588; x_wconf 84' lang='lat' dir='ltr'>‘ex</span> <span class='ocrx_word' id='word_1_277' title='bbox 1587 2556 1749 2596; x_wconf 87' lang='lat' dir='ltr'>antiquae</span> 
     </span>
     <span class='ocr_line' id='line_1_36' title="bbox 148 2608 1750 2650; baseline 0.001 -9"><span class='ocrx_word' id='word_1_278' title='bbox 148 2609 335 2650; x_wconf 78' lang='lat' dir='ltr'>scripturae</span> <span class='ocrx_word' id='word_1_279' title='bbox 350 2618 436 2648; x_wconf 84' lang='lat' dir='ltr'>quae</span> <span class='ocrx_word' id='word_1_280' title='bbox 450 2609 616 2649; x_wconf 86' lang='lat' dir='ltr'>reperitur</span> <span class='ocrx_word' id='word_1_281' title='bbox 631 2608 667 2640; x_wconf 90' lang='lat' dir='ltr'>in</span> <span class='ocrx_word' id='word_1_282' title='bbox 683 2609 797 2641; x_wconf 84' lang='lat' dir='ltr'>codice</span> <span class='ocrx_word' id='word_1_283' title='bbox 812 2610 942 2642; x_wconf 87' lang='lat' dir='ltr'>Bertin.</span> <span class='ocrx_word' id='word_1_284' title='bbox 962 2609 1140 2650; x_wconf 79' lang='lat' dir='ltr'>vestigiis’‚</span> <span class='ocrx_word' id='word_1_285' title='bbox 1161 2610 1230 2642; x_wconf 87' lang='lat' dir='ltr'>and</span> <span class='ocrx_word' id='word_1_286' title='bbox 1244 2611 1367 2642; x_wconf 90' lang='lat' dir='ltr'>Heins.</span> <span class='ocrx_word' id='word_1_287' title='bbox 1380 2614 1478 2642; x_wconf 85' lang='lat' dir='ltr'>notes</span> <span class='ocrx_word' id='word_1_288' title='bbox 1494 2610 1570 2641; x_wconf 84' lang='lat' dir='ltr'>that</span> <span class='ocrx_word' id='word_1_289' title='bbox 1585 2621 1611 2649; x_wconf 86' lang='lat' dir='ltr'>s,</span> <span class='ocrx_word' id='word_1_290' title='bbox 1625 2610 1677 2643; x_wconf 90' lang='lat' dir='ltr'>i.e.</span> <span class='ocrx_word' id='word_1_291' title='bbox 1691 2611 1750 2642; x_wconf 84' lang='lat' dir='ltr'>the</span> 
     </span>
     <span class='ocr_line' id='line_1_37' title="bbox 147 2663 1749 2706; baseline 0.001 -10"><span class='ocrx_word' id='word_1_292' title='bbox 147 2674 210 2697; x_wconf 87' lang='lat' dir='ltr'>ms.</span> <span class='ocrx_word' id='word_1_293' title='bbox 239 2665 276 2696; x_wconf 81' lang='lat' dir='ltr'>of</span> <span class='ocrx_word' id='word_1_294' title='bbox 296 2663 444 2704; x_wconf 84' lang='lat' dir='ltr'>Modius,</span> <span class='ocrx_word' id='word_1_295' title='bbox 469 2664 534 2696; x_wconf 84' lang='lat' dir='ltr'>has</span> <span class='ocrx_word' id='word_1_296' title='bbox 556 2666 650 2702; x_wconf 82' lang='lat' dir='ltr'>sidit,</span> <span class='ocrx_word' id='word_1_297' title='bbox 676 2666 792 2697; x_wconf 88' lang='lat' dir='ltr'>unless</span> <span class='ocrx_word' id='word_1_298' title='bbox 815 2665 832 2696; x_wconf 92' lang='grc' dir='ltr'>Ι</span> <span class='ocrx_word' id='word_1_299' title='bbox 854 2665 1002 2697; x_wconf 80' lang='lat' dir='ltr'>mistake</span> <span class='ocrx_word' id='word_1_300' title='bbox 1027 2665 1083 2697; x_wconf 90' lang='lat' dir='ltr'>his</span> <span class='ocrx_word' id='word_1_301' title='bbox 1107 2665 1286 2706; x_wconf 86' lang='lat' dir='ltr'>meaning:</span> <span class='ocrx_word' id='word_1_302' title='bbox 1320 2666 1380 2697; x_wconf 88' lang='lat' dir='ltr'>but</span> <span class='ocrx_word' id='word_1_303' title='bbox 1407 2665 1542 2697; x_wconf 88' lang='lat' dir='ltr'>Modius</span> <span class='ocrx_word' id='word_1_304' title='bbox 1570 2666 1668 2697; x_wconf 87' lang='lat' dir='ltr'>made</span> <span class='ocrx_word' id='word_1_305' title='bbox 1693 2666 1749 2698; x_wconf 87' lang='lat' dir='ltr'>his</span> 
     </span>
     <span class='ocr_line' id='line_1_38' title="bbox 148 2717 1748 2761; baseline 0.002 -12"><span class='ocrx_word' id='word_1_306' title='bbox 148 2719 312 2750; x_wconf 77' lang='lat' dir='ltr'>collation</span> <span class='ocrx_word' id='word_1_307' title='bbox 328 2717 411 2750; x_wconf 86' lang='lat' dir='ltr'>with</span> <span class='ocrx_word' id='word_1_308' title='bbox 428 2718 486 2750; x_wconf 85' lang='lat' dir='ltr'>the</span> <span class='ocrx_word' id='word_1_309' title='bbox 503 2719 603 2750; x_wconf 84' lang='lat' dir='ltr'>small</span> <span class='ocrx_word' id='word_1_310' title='bbox 619 2718 688 2750; x_wconf 82' lang='lat' dir='ltr'>2nd</span> <span class='ocrx_word' id='word_1_311' title='bbox 704 2719 756 2750; x_wconf 87' lang='lat' dir='ltr'>ed.</span> <span class='ocrx_word' id='word_1_312' title='bbox 773 2719 809 2751; x_wconf 88' lang='lat' dir='ltr'>of</span> <span class='ocrx_word' id='word_1_313' title='bbox 822 2719 944 2751; x_wconf 89' lang='lat' dir='ltr'>Lamb.</span> <span class='ocrx_word' id='word_1_314' title='bbox 968 2729 1005 2751; x_wconf 88' lang='lat' dir='ltr'>so</span> <span class='ocrx_word' id='word_1_315' title='bbox 1027 2719 1104 2751; x_wconf 83' lang='lat' dir='ltr'>that</span> <span class='ocrx_word' id='word_1_316' title='bbox 1123 2719 1151 2751; x_wconf 82' lang='lat' dir='ltr'>it</span> <span class='ocrx_word' id='word_1_317' title='bbox 1172 2719 1202 2751; x_wconf 89' lang='lat' dir='ltr'>is</span> <span class='ocrx_word' id='word_1_318' title='bbox 1222 2720 1387 2760; x_wconf 85' lang='lat' dir='ltr'>probably</span> <span class='ocrx_word' id='word_1_319' title='bbox 1402 2729 1423 2752; x_wconf 88' lang='lat' dir='ltr'>a</span> <span class='ocrx_word' id='word_1_320' title='bbox 1443 2729 1535 2751; x_wconf 87' lang='lat' dir='ltr'>mere</span> <span class='ocrx_word' id='word_1_321' title='bbox 1557 2720 1748 2761; x_wconf 88' lang='lat' dir='ltr'>oversight;</span> 
     </span>
     <span class='ocr_line' id='line_1_39' title="bbox 148 2772 1748 2815; baseline 0.001 -10"><span class='ocrx_word' id='word_1_322' title='bbox 148 2774 201 2805; x_wconf 86' lang='lat' dir='ltr'>for</span> <span class='ocrx_word' id='word_1_323' title='bbox 223 2773 252 2804; x_wconf 91' lang='lat' dir='ltr'>B</span> <span class='ocrx_word' id='word_1_324' title='bbox 274 2772 338 2804; x_wconf 85' lang='lat' dir='ltr'>has</span> <span class='ocrx_word' id='word_1_325' title='bbox 360 2774 459 2804; x_wconf 78' lang='lat' dir='ltr'>vivit.</span> <span class='ocrx_word' id='word_1_326' title='bbox 660 2773 724 2804; x_wconf 88' lang='lat'>545</span> <span class='ocrx_word' id='word_1_327' title='bbox 747 2774 830 2813; x_wconf 82' lang='lat' dir='ltr'>quid</span> <span class='ocrx_word' id='word_1_328' title='bbox 852 2783 1000 2814; x_wconf 85' lang='lat' dir='ltr'>quaeque</span> <span class='ocrx_word' id='word_1_329' title='bbox 1023 2775 1118 2805; x_wconf 85' lang='lat' dir='ltr'>obeat</span> <span class='ocrx_word' id='word_1_330' title='bbox 1140 2784 1191 2805; x_wconf 82' lang='lat' dir='ltr'>res</span> <span class='ocrx_word' id='word_1_331' title='bbox 1213 2773 1279 2805; x_wconf 83' lang='lat' dir='ltr'>Ed.</span> <span class='ocrx_word' id='word_1_332' title='bbox 1303 2774 1356 2805; x_wconf 86' lang='lat' dir='ltr'>for</span> <span class='ocrx_word' id='word_1_333' title='bbox 1380 2776 1453 2814; x_wconf 82' lang='lat' dir='ltr'>quit</span> <span class='ocrx_word' id='word_1_334' title='bbox 1477 2785 1602 2814; x_wconf 79' lang='lat' dir='ltr'>queque</span> <span class='ocrx_word' id='word_1_335' title='bbox 1627 2781 1748 2815; x_wconf 78' lang='lat' dir='ltr'>quaeat</span> 
     </span>
     <span class='ocr_line' id='line_1_40' title="bbox 148 2826 1748 2869; baseline 0 -9"><span class='ocrx_word' id='word_1_336' title='bbox 148 2838 215 2860; x_wconf 80' lang='lat' dir='ltr'>res:</span> <span class='ocrx_word' id='word_1_337' title='bbox 238 2827 343 2859; x_wconf 87' lang='lat' dir='ltr'>Lach.</span> <span class='ocrx_word' id='word_1_338' title='bbox 364 2829 400 2859; x_wconf 83' lang='lat' dir='ltr'>to</span> <span class='ocrx_word' id='word_1_339' title='bbox 416 2837 429 2857; x_wconf 95' lang='lat'>1</span> <span class='ocrx_word' id='word_1_340' title='bbox 445 2828 507 2857; x_wconf 82' lang='lat'>222</span> <span class='ocrx_word' id='word_1_341' title='bbox 525 2826 619 2867; x_wconf 86' lang='lat' dir='ltr'>gives</span> <span class='ocrx_word' id='word_1_342' title='bbox 634 2837 728 2859; x_wconf 87' lang='lat' dir='ltr'>more</span> <span class='ocrx_word' id='word_1_343' title='bbox 743 2827 830 2859; x_wconf 89' lang='lat' dir='ltr'>than</span> <span class='ocrx_word' id='word_1_344' title='bbox 846 2829 888 2860; x_wconf 84' lang='lat'>40</span> <span class='ocrx_word' id='word_1_345' title='bbox 904 2827 1077 2860; x_wconf 86' lang='lat' dir='ltr'>instances</span> <span class='ocrx_word' id='word_1_346' title='bbox 1093 2828 1131 2860; x_wconf 90' lang='lat' dir='ltr'>in</span> <span class='ocrx_word' id='word_1_347' title='bbox 1147 2829 1259 2860; x_wconf 87' lang='lat' dir='ltr'>which</span> <span class='ocrx_word' id='word_1_348' title='bbox 1274 2829 1332 2860; x_wconf 86' lang='lat' dir='ltr'>AB</span> <span class='ocrx_word' id='word_1_349' title='bbox 1349 2829 1480 2869; x_wconf 85' lang='lat' dir='ltr'>change</span> <span class='ocrx_word' id='word_1_350' title='bbox 1497 2830 1515 2860; x_wconf 89' lang='lat' dir='ltr'>b</span> <span class='ocrx_word' id='word_1_351' title='bbox 1537 2831 1572 2860; x_wconf 84' lang='lat' dir='ltr'>to</span> <span class='ocrx_word' id='word_1_352' title='bbox 1588 2839 1627 2861; x_wconf 82' lang='lat' dir='ltr'>v:</span> <span class='ocrx_word' id='word_1_353' title='bbox 1646 2829 1748 2861; x_wconf 81' lang='lat' dir='ltr'>-when</span> 
     </span>
     <span class='ocr_line' id='line_1_41' title="bbox 148 2880 1747 2924; baseline 0.001 -11"><span class='ocrx_word' id='word_1_354' title='bbox 148 2883 244 2913; x_wconf 87' lang='lat' dir='ltr'>obeat</span> <span class='ocrx_word' id='word_1_355' title='bbox 258 2881 397 2912; x_wconf 83' lang='lat' dir='ltr'>became</span> <span class='ocrx_word' id='word_1_356' title='bbox 414 2886 522 2918; x_wconf 88' lang='lat' dir='ltr'>oueat,</span> <span class='ocrx_word' id='word_1_357' title='bbox 546 2880 603 2912; x_wconf 80' lang='lat' dir='ltr'>the</span> <span class='ocrx_word' id='word_1_358' title='bbox 627 2880 760 2912; x_wconf 83' lang='lat' dir='ltr'>further</span> <span class='ocrx_word' id='word_1_359' title='bbox 783 2881 982 2922; x_wconf 87' lang='lat' dir='ltr'>corruption</span> <span class='ocrx_word' id='word_1_360' title='bbox 1006 2884 1041 2913; x_wconf 93' lang='lat' dir='ltr'>to</span> <span class='ocrx_word' id='word_1_361' title='bbox 1065 2887 1165 2922; x_wconf 82' lang='lat' dir='ltr'>queat</span> <span class='ocrx_word' id='word_1_362' title='bbox 1187 2892 1256 2914; x_wconf 86' lang='lat' dir='ltr'>was</span> <span class='ocrx_word' id='word_1_363' title='bbox 1279 2882 1463 2914; x_wconf 82' lang='lat' dir='ltr'>inevitable</span> <span class='ocrx_word' id='word_1_364' title='bbox 1485 2881 1569 2913; x_wconf 80' lang='lat' dir='ltr'>with</span> <span class='ocrx_word' id='word_1_365' title='bbox 1592 2883 1747 2924; x_wconf 71' lang='lat' dir='ltr'>capitale.</span> 
     </span>
     <span class='ocr_line' id='line_1_42' title="bbox 149 2933 1591 2976; baseline 0.001 -10"><span class='ocrx_word' id='word_1_366' title='bbox 149 2939 248 2966; x_wconf 80' lang='lat' dir='ltr'>aveat</span> <span class='ocrx_word' id='word_1_367' title='bbox 263 2934 368 2967; x_wconf 83' lang='lat' dir='ltr'>Lach.</span> <span class='ocrx_word' id='word_1_368' title='bbox 415 2935 515 2966; x_wconf 84' lang='lat' dir='ltr'>vehat</span> <span class='ocrx_word' id='word_1_369' title='bbox 532 2933 725 2966; x_wconf 83' lang='lat' dir='ltr'>Gronovius</span> <span class='ocrx_word' id='word_1_370' title='bbox 741 2934 810 2966; x_wconf 88' lang='lat' dir='ltr'>and</span> <span class='ocrx_word' id='word_1_371' title='bbox 826 2935 873 2966; x_wconf 87' lang='lat' dir='ltr'>Is.</span> <span class='ocrx_word' id='word_1_372' title='bbox 891 2935 988 2967; x_wconf 87' lang='lat' dir='ltr'>Voss.</span> <span class='ocrx_word' id='word_1_373' title='bbox 1005 2934 1043 2967; x_wconf 89' lang='lat' dir='ltr'>in</span> <span class='ocrx_word' id='word_1_374' title='bbox 1057 2938 1168 2968; x_wconf 80' lang='lat' dir='ltr'>notes.</span> <span class='ocrx_word' id='word_1_375' title='bbox 1212 2941 1307 2976; x_wconf 72' lang='lat' dir='ltr'>yerat</span> <span class='ocrx_word' id='word_1_376' title='bbox 1323 2936 1365 2968; x_wconf 87' lang='lat' dir='ltr'>N.</span> <span class='ocrx_word' id='word_1_377' title='bbox 1376 2936 1414 2968; x_wconf 93' lang='lat' dir='ltr'>P.</span> <span class='ocrx_word' id='word_1_378' title='bbox 1431 2936 1591 2968; x_wconf 84' lang='lat' dir='ltr'>Howard.</span> 
     </span>
    </p>
   </div>
  </div>
 </body>
</html>
