1997 3267
216 190 270 232 54
986 174 1008 215 Ι

327 285 552 327 servitium
584 290 731 325 contra
760 287 992 338 paupertas
1021 281 1296 336 divitiaeque,
1729 288 1810 330 455

328 354 504 396 libertas
534 353 696 394 bellum
727 351 961 401 concordia,
991 357 1134 393 cetera
1163 364 1344 406 quorum

327 422 518 464 adventu
548 426 695 463 manet
725 420 950 462 incolumis
980 425 1135 461 natura
1164 419 1384 473 abituque‚

331 492 434 532 haec
464 489 579 532 soliti
609 503 768 539 sumus,
798 493 850 530 ut
880 502 958 544 par
987 493 1064 538 651,
1095 494 1249 529 eventa
1281 501 1437 528 vocare.

330 567 501 616 tempus
532 560 637 601 item
668 573 745 614 per
774 572 819 600 56
849 572 935 598 11011
966 563 1043 607 651,
1073 557 1148 598 sed
1178 557 1304 598 rebus
1335 557 1388 598 ab
1422 555 1524 611 ipsis

329 627 604 683 consequitur
634 629 794 676 sensus,
825 631 1090 667 transactum
1122 625 1227 681 quid
1259 625 1314 666 sit
1345 624 1389 665 in
1420 638 1536 672 aev0,
1728 622 1816 675 460

329 704 424 740 tum
455 711 564 753 quae
595 711 662 738 res
692 697 838 745 instet,
868 695 973 751 quid
1003 709 1127 750 porro
1158 693 1312 736 deinde
1343 699 1560 748 sequatur.

329 781 408 808 nec
437 780 514 822 per
543 779 587 806 se
617 778 878 820 quemquam
909 768 1081 819 tempus
1111 763 1270 805 sentire
1302 762 1570 804 fatendumst

330 839 543 877 semotum
573 832 628 875 ab
659 847 802 874 rerum
833 838 952 874 motu
985 832 1236 888 placidaque
1267 832 1422 888 quiete.

330 903 515 958 denique
546 901 834 957 Tyndaridem
865 909 1033 956 raptam
1064 900 1261 956 belloque
1292 900 1490 942 subactas

331 972 610 1028 Troiiugenas
640 970 783 1026 gentis
813 984 911 1011 cum
942 969 1094 1011 dicunt
1125 975 1227 1018 esse,
1259 968 1537 1010 videndumst
1728 965 1811 1018 465

331 1055 384 1083 ne
417 1041 525 1082 forte
555 1039 660 1081 haec
691 1053 767 1094 per
796 1053 840 1080 se
872 1043 1027 1094 cogant
1058 1052 1134 1079 nos
1165 1051 1254 1078 esse
1286 1037 1422 1083 fateri,

331 1109 502 1165 quando
533 1124 583 1151 ea
612 1108 750 1150 saecla
782 1107 1017 1157 hominum,
1048 1122 1228 1163 quorum
1260 1106 1364 1148 haec
1396 1112 1552 1148 eventa
1581 1105 1767 1154 fuerunt,

335 1176 633 1219 inrevocabilis
663 1176 894 1218 abstulerit
924 1176 1010 1217 iam
1041 1175 1276 1231 praeterita
1305 1181 1450 1227 aetas;

331 1261 516 1302 namque
547 1246 657 1287 aliut
688 1244 877 1295 Teucris,
906 1244 1016 1286 aliut
1047 1244 1293 1300 regionibus
1324 1243 1428 1299 ipsis

330 1321 534 1357 eventum
565 1313 650 1355 dici
680 1313 841 1369 poterit
871 1313 1169 1369 quodcumque
1201 1312 1282 1353 erit
1312 1318 1468 1354 actum.
1728 1322 1817 1366 470

332 1383 518 1438 denique
549 1382 751 1424 materies
781 1382 818 1423 si
847 1396 991 1423 rerum
1021 1381 1141 1422 nulla
1173 1381 1323 1422 fuisset

330 1467 409 1494 nec
440 1453 555 1494 locus
585 1466 634 1493 ac
665 1452 865 1507 spatium,
895 1465 962 1492 res
992 1451 1037 1492 in
1069 1465 1152 1506 quo
1183 1465 1376 1506 quaeque
1408 1456 1628 1506 geruntur,

329 1536 566 1578 numquam
598 1520 853 1576 Tyndaridis
884 1520 1042 1561 formae
1074 1519 1282 1560 conflatus
1313 1533 1455 1561 amore

328 1591 452 1648 ignis,
482 1589 717 1632 Alexandri
749 1589 936 1646 Phrygio
966 1589 1046 1630 sub
1077 1596 1246 1644 pectore
1276 1589 1471 1645 gliscens,

329 1661 442 1703 clara
471 1659 732 1702 accendisset,
763 1659 877 1700 saevi
908 1659 1143 1699 certamina
1172 1657 1284 1706 belli,
1730 1667 1813 1712 475

329 1745 409 1772 nec
440 1729 549 1771 clam
580 1729 786 1770 durateus
816 1727 1028 1769 Troiianis
1061 1728 1267 1783 Pergama
1298 1732 1425 1782 partu

327 1798 636 1841 inflammasset
667 1812 796 1853 equos
825 1803 1034 1838 nocturno
1065 1797 1445 1852 Graiiugenarum3

330 1869 569 1926 perspicere
601 1874 651 1910 ut
682 1868 817 1924 possis
847 1882 915 1909 res
945 1875 1088 1923 gestas
1120 1867 1314 1908 funditus
1344 1866 1482 1909 omnis

330 1953 415 1980 non
446 1937 510 1979 ita
540 1937 607 1979 uti
638 1951 790 1990 corpus
822 1950 896 1991 per
926 1950 970 1977 se
1002 1941 1194 1976 constare
1226 1949 1364 1990 neque
1396 1949 1499 1986 esse,

329 2022 408 2049 nec
438 2006 603 2048 ratione
635 2005 776 2046 cluere
808 2004 957 2045 eadem
989 2018 1074 2059 qua
1104 2009 1271 2045 constet
1302 2003 1443 2049 inane.
1729 2005 1818 2056 480

331 2075 405 2117 sed
435 2075 573 2131 magis
604 2080 654 2115 ut
686 2073 839 2115 merito
871 2072 1005 2128 possis
1035 2079 1191 2114 eventa
1221 2085 1369 2113 vocare

330 2144 515 2200 corporis
546 2149 676 2198 atque
708 2142 799 2191 loci,
830 2156 897 2183 res
927 2141 973 2182 in
1004 2156 1087 2196 quo
1119 2155 1313 2196 quaeque
1343 2145 1561 2196 gerantur.

390 2212 578 2270 Corpora
607 2217 710 2254 sunt
739 2226 863 2269 porro
893 2210 1052 2267 partim
1083 2209 1316 2266 primordia
1345 2224 1500 2260 rerum,

215 2400 343 2432 cannot
363 2399 460 2438 exist,
480 2397 548 2430 and
572 2397 630 2429 the
651 2396 784 2428 datives
805 2406 860 2428 are
881 2398 943 2427 not
963 2394 1153 2427 consistent
1174 2393 1257 2426 with
1273 2394 1331 2426 the
1346 2393 1512 2434 genitives
1527 2395 1565 2427 of
1582 2395 1669 2429 453:
1695 2395 1814 2431 Lamb.

215 2454 314 2486 reads
329 2455 432 2490 saxis,
450 2454 553 2489 calor,
569 2452 707 2492 iynibu',
727 2453 838 2491 liquor
853 2452 959 2492 aquai
975 2463 981 2482 :
1005 2449 1066 2480 but
1082 2449 1182 2480 Lucr.
1199 2458 1302 2480 never
1317 2458 1396 2480 uses
1412 2458 1432 2480 a
1449 2449 1519 2480 dat.
1536 2449 1573 2480 in
1589 2452 1636 2481 ai.
1755 2452 1819 2484 455
1873 2455 1877 2458 ·

217 2510 359 2541 divitiae
375 2508 404 2539 A
420 2517 506 2538 corr.
523 2506 616 2537 Nice.
634 2506 687 2537 for
703 2508 738 2537 di
743 2508 827 2537 riae.
916 2505 980 2536 458
996 2508 1114 2536 eventa
1129 2503 1187 2534 the
1203 2512 1296 2534 same
1314 2503 1366 2534 for
1382 2509 1507 2535 evento.
1604 2504 1667 2536 465
1685 2506 1818 2537 Troiiu-

215 2572 326 2602 genaS,
337 2561 400 2595 476
418 2562 602 2597 Troiianis,
616 2561 678 2592 477
698 2561 981 2598 Graiiugenarum
995 2557 1100 2589 Lach.
1114 2556 1196 2588 with
1212 2556 1242 2587 A
1259 2556 1335 2598 (477
1353 2557 1508 2597 Graliuq.
1521 2556 1583 2598 A):
1603 2566 1657 2589 see
1673 2558 1816 2598 Quintil.

218 2626 231 2648 1
252 2617 273 2647 4
294 2616 334 2647 11
355 2615 461 2647 ‘sciat
481 2614 585 2646 etiam
607 2613 761 2645 Ciceroni
781 2613 959 2653 placuisse,
982 2614 1052 2644 aiio
1073 2613 1284 2651 Maiiamque
1305 2611 1480 2651 geminata
1501 2612 1514 2642 i
1536 2611 1717 2650 scribere';
1749 2613 1820 2645 and

218 2669 371 2702 Priscian
393 2669 475 2700 inst.
499 2678 549 2699 vn
573 2669 624 2704 19,
649 2667 724 2698 who
747 2667 874 2707 rightly
898 2677 977 2708 says
1000 2666 1076 2698 that
1100 2666 1137 2697 in
1160 2665 1218 2697 the
1241 2665 1351 2697 oldest
1373 2666 1527 2706 writings
1548 2676 1617 2707 you
1639 2666 1711 2698 find
1733 2669 1820 2700 eiius

218 2725 408 2764 Pompeiius
428 2724 596 2754 Vulteiius
619 2722 738 2753 Gaii'us
759 2721 828 2753 and
850 2720 909 2753 the
929 2721 1016 2752 like:
1045 2720 1138 2752 often
1160 2729 1198 2752 so
1218 2719 1256 2751 in
1277 2722 1398 2751 extant
1418 2719 1658 2760 inscriptions:
1686 2731 1739 2753 see
1761 2724 1819 2754 too

218 2777 368 2809 Ribbeck
391 2776 475 2817 prol.
503 2776 602 2816 Verg.
627 2785 660 2816 p.
688 2776 760 2812 138,
790 2774 1005 2807 Studemund
1028 2773 1150 2805 Rhein.
1175 2783 1264 2805 mus.
1292 2784 1351 2805 xn
1376 2783 1409 2814 p.
1438 2774 1512 2811 588,
1539 2774 1606 2805 and
1633 2774 1779 2808 Corssen
1805 2787 1820 2809 1

219 2841 252 2871 p.
270 2832 322 2862 18.
454 2831 517 2863 467
534 2831 674 2871 fuerunt
691 2829 784 2861 Gott.
804 2828 932 2869 rightly
947 2829 999 2861 for
1014 2829 1125 2869 suerit
1140 2828 1176 2859 of
1189 2828 1257 2860 AB.
1300 2829 1398 2868 suere
1413 2827 1506 2860 Nice.
1525 2828 1616 2859 Flor.
1634 2829 1675 2860 31
1697 2829 1814 2864 Gamb.

220 2888 283 2918 616.
416 2885 478 2918 469
504 2886 636 2916 Teucris
658 2882 723 2915 Ed.
749 2883 802 2915 for
825 2885 932 2914 terris.
972 2893 1035 2923 per
1056 2887 1120 2914 sest
1142 2881 1247 2914 Lach.
1293 2883 1411 2914 saeclis
1433 2882 1534 2913 Bern.
1579 2883 1674 2914 rebus
1695 2883 1818 2916 Lamb.

222 2940 319 2971 terris
334 2939 404 2971 and
426 2940 609 2979 Ze9ionibus
625 2938 723 2970 Wak.
869 2938 933 2969 480
953 2938 1060 2969 cluere
1081 2937 1110 2967 B
1132 2946 1217 2968 corr.
1235 2936 1324 2968 Flor.
1345 2936 1386 2967 30
1407 2946 1492 2968 corr.
1510 2936 1627 2968 Camb.
1645 2937 1697 2968 for
1718 2940 1819 2972 luere.
