1997 3267
209 214 289 257 154
967 203 1040 245 III

317 326 396 353 nec
427 311 554 353 miser
584 310 821 366 inpendens
850 326 1056 367 magnum
1088 310 1216 352 timet
1246 326 1342 353 aere
1373 326 1523 353 saxum
1721 315 1808 367 980

317 380 534 429 Tantalus,
565 385 615 421 ut
646 380 813 430 famast,
843 394 961 422 cassa
991 380 1216 421 formidine
1248 386 1446 435 torpens3

316 449 391 490 sed
421 448 557 504 magis
587 448 633 489 in
663 447 755 489 vita
784 448 928 489 divom
959 454 1102 490 metus
1133 454 1258 505 urget
1289 449 1428 490 inanis

316 517 508 559 mortalis
540 532 772 572 casumque
804 517 963 559 timent
994 533 1122 573 quem
1154 518 1307 574 cuique
1340 518 1448 559 ferat
1480 519 1571 560 fors.

317 600 396 626 nec
427 585 582 640 Tityon
613 585 804 626 volucres
835 585 989 626 ineunt
1018 585 1267 628 Acherunte
1299 586 1510 628 iacentem

317 668 396 695 nec
426 653 541 708 quod
571 652 651 694 sub
683 667 840 709 magno
871 659 1117 695 scrutentur
1147 660 1317 710 pectore
1348 655 1578 710 quicquam
1717 657 1797 709 985

318 728 574 777 perpetuam
605 726 796 762 aetatem
828 727 1008 776 possunt
1038 723 1222 778 reperire
1254 724 1451 777 profecto.

318 791 556 845 quamlibet
587 790 766 830 immani
796 790 989 845 proiectu
1020 791 1203 846 corporis
1233 797 1386 841 exstet,

318 861 393 915 qui
422 875 508 901 non
539 860 627 901 sola
657 874 811 900 novem
842 859 1042 915 dispessis
1071 860 1220 915 iugera
1250 861 1453 902 membris

317 929 523 984 optineat,
555 929 629 970 sed
659 928 734 984 qui
766 929 898 970 terrai
929 929 1063 970 totius
1095 929 1253 979 orbem,

319 1013 405 1039 non
436 1004 581 1040 tamen
613 1005 836 1039 aeternum
868 998 1026 1054 poterit
1057 998 1241 1054 perferre
1272 998 1458 1039 dolorem
1719 1011 1805 1052 990

318 1081 397 1108 ncc
429 1067 630 1122 praebere
663 1067 807 1108 cibum
839 1067 1009 1122 proprio
1039 1067 1092 1108 de
1123 1081 1294 1122 corpore
1326 1081 1504 1122 semper.

318 1136 392 1177 sed
424 1136 571 1191 Tityos
602 1136 723 1177 nobis
755 1136 824 1177 hic
855 1142 931 1186 est,
962 1136 1007 1177 in
1039 1150 1181 1177 amore
1212 1135 1423 1177 iacentem

319 1220 447 1260 quem
476 1206 666 1247 volucres
697 1206 886 1247 lacerant
917 1211 1048 1261 atque
1080 1210 1199 1246 exest
1230 1205 1382 1246 anxius
1412 1220 1545 1262 angor

318 1280 396 1315 aut
426 1274 511 1315 alia
541 1275 690 1330 quavis
722 1275 924 1316 scindunt
955 1273 1195 1329 cuppedine
1226 1288 1362 1317 curae.

320 1343 529 1399 Sisyphus
560 1344 605 1384 in
636 1343 727 1385 vita
758 1358 926 1399 quoque
957 1343 1079 1385 nobis
1109 1348 1210 1384 ante
1242 1342 1383 1384 oculos
1414 1348 1481 1384 est
1717 1352 1798 1397 995

320 1411 394 1467 qui
425 1418 570 1467 petere
601 1427 627 1453 a
656 1412 815 1467 populo
846 1412 979 1453 fasces
1009 1425 1240 1466 saevasque
1273 1425 1440 1452 secures

318 1480 492 1522 imbibit
523 1487 567 1523 et
598 1496 766 1537 semper
795 1481 935 1523 victus
966 1480 1186 1536 tristisque
1216 1480 1387 1521 recedit.

318 1563 417 1589 nam
450 1556 596 1604 petere
626 1549 856 1604 imperium
888 1549 1001 1604 quod
1031 1548 1200 1589 inanest
1231 1562 1308 1589 nec
1339 1548 1467 1589 datur
1497 1563 1714 1604 umquam,

319 1622 450 1672 atque
481 1617 526 1658 in
555 1632 604 1659 eo
635 1631 803 1673 semper
832 1617 989 1658 durum
1020 1616 1195 1657 sufferre
1227 1615 1426 1665 laborem,

320 1685 398 1726 hoc
429 1691 494 1726 est
525 1686 700 1727 adverso
731 1685 954 1726 nixantem
985 1685 1159 1726 trudere
1189 1689 1335 1725 monte
1694 1696 1804 1729 1000

318 1769 469 1797 saxum
502 1755 615 1810 quod
646 1760 793 1796 tamen
824 1769 844 1796 e
874 1769 1041 1795 summo
1071 1754 1157 1794 iam
1189 1753 1347 1794 vertice
1377 1767 1524 1794 rusum

319 1824 506 1865 volvitur
536 1829 580 1865 et
610 1824 728 1880 plani
759 1824 917 1879 raptim
949 1824 1060 1879 petit
1089 1837 1278 1878 aequora
1307 1823 1457 1877 campi.

320 1891 475 1934 deinde
505 1892 639 1934 animi
670 1893 886 1948 ingratam
917 1897 1116 1933 naturam
1147 1905 1319 1947 pascere
1349 1905 1518 1946 semper

206 2035 303 2067 Wak.
457 2037 519 2069 983
543 2038 672 2077 cuique.
727 2047 864 2077 eumque
885 2037 914 2068 B
937 2036 1058 2068 Lamb.
1083 2039 1146 2068 etc.
1170 2035 1332 2076 wrongly.
1488 2034 1551 2067 985
1575 2036 1661 2076 quod
1683 2035 1800 2069 Camb.

206 2089 302 2120 Junt.
318 2091 381 2121 etc.
399 2089 451 2121 for
467 2091 558 2130 quid.
734 2092 797 2123 988
821 2092 975 2131 dispessis
997 2090 1144 2122 Turneb.
1169 2089 1222 2121 for
1243 2090 1416 2129 dispersis:
1441 2099 1478 2120 so
1499 2088 1563 2121 Ed.
1588 2089 1626 2120 in
1647 2099 1675 2121 11
1698 2090 1800 2123 1126:

206 2153 316 2182 comp.
343 2143 439 2174 Ovid.
464 2146 541 2176 met.
572 2154 607 2175 1v
631 2145 705 2181 458,
723 2145 792 2176 and
817 2144 930 2176 Plaut.
955 2144 1053 2176 miles
1078 2145 1171 2177 1407.
1243 2145 1404 2183 dispens-is
1425 2142 1545 2174 Lamb.
1565 2142 1617 2174 ed.
1640 2144 1670 2176 3.
1720 2144 1801 2185 ‘leg.

206 2196 368 2227 distensis
384 2196 572 2236 dispansis’
592 2197 713 2229 Heins.
736 2197 772 2228 in
792 2207 857 2228 ms.
880 2201 989 2229 notes.
1142 2198 1204 2230 992
1226 2202 1272 2228 est
1290 2197 1319 2227 B
1341 2206 1427 2228 corr.
1449 2196 1540 2227 Flor.
1556 2197 1597 2227 31
1614 2196 1667 2228 for
1679 2207 1723 2230 es,
1772 2203 1803 2230 et

206 2251 298 2282 Nice.
472 2252 534 2283 994
557 2252 738 2292 cuppedine
761 2251 863 2283 Pont.
886 2251 1004 2283 Lamb.
1032 2250 1168 2291 rightly,
1186 2260 1225 2283 as
1247 2260 1268 2281 v
1291 2250 1330 2282 45
1355 2260 1390 2281 VI
1413 2250 1465 2282 25.
1533 2252 1709 2291 curpedine
1731 2251 1800 2284 AB.

208 2307 380 2346 turpedine
400 2306 429 2337 A
450 2316 534 2337 corr.
556 2306 648 2338 Nicc.
674 2306 765 2337 Flor.
787 2307 827 2337 31
850 2306 970 2338 Camb.
991 2306 1087 2338 June.
1109 2307 1173 2337 etc.
1219 2305 1388 2346 torpedine
1405 2304 1488 2336 Ven.
1509 2304 1582 2338 Ald.
1604 2305 1622 2336 1
1640 2305 1708 2337 Gis.
1726 2306 1801 2338 who
1828 2325 1832 2329 -

207 2368 286 2398 says
302 2358 371 2389 ‘Ita
391 2368 422 2390 v.
443 2358 552 2389 nostri
573 2361 606 2390 et
627 2358 774 2390 aliorum
795 2359 873 2391 fere.
899 2359 936 2390 in
953 2369 984 2399 q.
1002 2369 1032 2392 v.
1052 2359 1244 2400 cuppedine,
1263 2357 1354 2397 quod
1368 2356 1554 2397 inrepsisse
1568 2360 1652 2399 puto
1668 2368 1709 2389 ex
1725 2359 1802 2391 aliis

207 2411 290 2443 locis
310 2412 373 2443 inf.
394 2411 452 2444 lib.
470 2414 488 2444 5
513 2415 545 2443 et
567 2413 750 2445 6...contra
771 2413 907 2444 Marull.
929 2423 970 2444 ex
989 2413 1055 2444 hoc
1074 2413 1148 2444 loco
1169 2414 1321 2443 mutarat
1341 2411 1404 2443 inf.
1425 2411 1482 2444 lib.
1508 2412 1527 2443 5
1548 2414 1582 2444 et
1598 2412 1618 2444 6
1634 2415 1802 2453 torpedine

209 2476 270 2506 pro
300 2476 395 2506 capp.
417 2466 622 2506 supposito’.
667 2467 750 2498 Now
775 2467 833 2498 the
854 2467 952 2498 Junt.
976 2466 1074 2498 reads
1095 2466 1184 2505 here,
1205 2476 1243 2498 as
1264 2466 1281 2496 I
1302 2465 1389 2497 have
1411 2464 1494 2504 said,
1515 2467 1703 2506 turpedine;
1726 2469 1801 2500 v45

208 2520 277 2552 and
297 2529 332 2551 VI
352 2521 393 2551 25
414 2521 597 2560 cupedinis.
642 2520 753 2560 Again
774 2520 859 2551 Ven.
877 2524 938 2552 not
954 2520 1046 2551 Brix.
1064 2530 1102 2551 or
1118 2520 1195 2551 Ver.
1214 2521 1380 2560 torpedine
1396 2518 1488 2550 here.
1534 2519 1618 2550 This
1634 2520 1801 2554 therefore

208 2574 237 2605 is
255 2583 320 2605 one
343 2575 380 2605 of
399 2584 504 2615 many
523 2574 649 2614 proofs,
667 2585 760 2606 some
782 2576 819 2606 of
839 2574 951 2606 which
974 2575 991 2605 I
1011 2575 1098 2606 have
1119 2573 1218 2614 given
1241 2573 1431 2611 elsewhere,
1451 2572 1527 2605 that
1552 2573 1711 2606 Gifanius
1730 2574 1801 2608 had

209 2629 267 2660 the
290 2628 345 2660 old
367 2628 492 2660 Venice
515 2628 643 2659 edition
666 2628 748 2659 with
780 2628 958 2660 Marullus’
989 2638 1052 2660 ms.
1086 2631 1185 2660 notes
1215 2627 1328 2659 before
1357 2627 1442 2667 him,
1467 2628 1536 2661 and
1565 2627 1642 2660 that
1671 2628 1740 2660 this
1770 2629 1800 2661 is

209 2681 267 2712 the
297 2681 384 2712 book
414 2680 595 2721 belonging
625 2684 660 2712 to
693 2681 883 2713 Sambucus
913 2682 951 2713 of
977 2681 1089 2712 which
1118 2681 1162 2712 he
1193 2681 1316 2721 speaks
1346 2681 1429 2713 both
1459 2681 1496 2713 in
1525 2681 1581 2713 his
1610 2681 1742 2721 preface
1763 2684 1800 2714 to

212 2735 401 2766 Sambuons
422 2735 564 2767 himself
584 2735 652 2767 and
675 2735 711 2767 in
734 2736 789 2767 his
813 2736 952 2768 address
974 2739 1010 2768 to
1034 2736 1092 2767 the
1114 2736 1248 2768 reader:
1272 2745 1326 2768 see
1349 2736 1454 2768 above
1476 2746 1511 2777 p.
1534 2737 1565 2769 9.
1611 2736 1799 2776 [turpedine

211 2788 304 2820 Mon.
328 2798 366 2820 as
390 2789 407 2819 I
429 2798 504 2820 now
528 2789 619 2821 find:
650 2789 717 2820 and
741 2789 799 2821 the
822 2792 988 2821 corrector
1011 2789 1177 2821 Marullus
1201 2792 1334 2830 repeats
1356 2790 1415 2821 the
1438 2789 1547 2821 words
1569 2788 1605 2820 in
1627 2798 1734 2829 marg.
1760 2800 1799 2823 as

212 2842 367 2874 notable:
392 2843 558 2882 torpedine
580 2844 672 2873 must
694 2842 779 2874 have
799 2843 884 2874 been
905 2852 951 2874 an
973 2843 1092 2874 earlier
1114 2842 1235 2874 notion
1259 2843 1296 2874 of
1316 2843 1501 2880 Marullus;
1525 2852 1564 2874 as
1587 2842 1625 2873 in
1639 2852 1660 2874 v
1675 2843 1745 2875 and
1763 2853 1799 2876 vr

211 2894 253 2924 he
275 2895 430 2935 properly
445 2897 590 2926 corrects
613 2895 672 2926 the
693 2905 757 2927 ms.
783 2895 923 2935 reading
947 2898 983 2927 to
1007 2897 1228 2936 cuppedinis]
1295 2897 1377 2928 1001
1403 2907 1419 2928 e
1443 2906 1563 2928 summo
1586 2897 1656 2928 iam
1678 2899 1798 2930 vertice

211 2947 310 2979 Pont.
326 2948 451 2980 Avanc.
467 2949 520 2980 for
545 2959 665 2980 summo
680 2950 748 2980 iam
763 2951 895 2981 vertice.
939 2959 1060 2981 summo
1076 2951 1143 2980 iam
1158 2959 1174 2980 e
1190 2951 1310 2981 vertice
1326 2949 1414 2982 Flor.
1435 2951 1476 2980 31
1494 2949 1610 2981 Gamb.
1626 2960 1648 2981 a
1659 2960 1709 2981 su.
1725 2952 1750 2983 i.
1765 2962 1797 2983 v.
