1997 3267
954 135 1020 177 IV
1719 151 1799 194 199

336 244 382 282 et
412 239 597 296 pecudes
628 247 672 283 et
702 255 837 297 equae
869 241 1059 284 maribus
1090 243 1309 286 subsidere
1340 251 1526 300 possent,

336 309 371 350 si
402 324 500 359 non,
534 311 626 366 ipsa
657 310 769 366 quod
802 311 970 353 illorum
1003 311 1131 354 subat
1161 312 1284 354 ardet
1315 313 1537 355 abundans

337 383 494 420 natura
524 386 568 421 et
601 379 812 422 Venerem
844 380 1075 422 salientum
1110 381 1223 424 laeta
1254 389 1472 425 retractat.
1690 396 1799 428 1200

337 462 477 489 nonne
510 448 628 489 vides
658 448 790 490 etiam
822 463 929 504 quos
961 456 1116 492 mutua
1145 465 1272 506 saepe
1304 452 1503 508 voluptas

336 516 487 567 vinxit,
520 523 570 558 ut
601 517 645 558 in
677 517 827 559 vinclis
858 519 1158 561 communibus
1188 520 1516 562 excrucientur?

337 584 382 625 in
413 584 552 626 triviis
582 599 711 640 quam
742 599 869 640 saepe
901 600 1038 636 canes,
1069 586 1286 629 discedere
1318 588 1497 637 aventis,

201 665 308 696 1210
338 654 494 696 divorsi
525 654 681 710 cupide
713 655 892 696 summis
924 669 975 696 ex
1009 655 1160 697 viribu'
1192 656 1392 706 tendunt,

201 735 309 775 1204
340 738 468 778 quom
500 723 666 764 interea
697 722 849 765 validis
880 723 1062 766 Veneris
1092 725 1372 781 compagibus
1403 725 1604 768 haerent!
1690 738 1790 780 1205

338 791 452 847 quod
483 792 671 833 facerent
701 806 937 847 numquam
972 793 1051 834 nisi
1087 800 1242 836 mutua
1270 794 1430 851 gaudia
1461 802 1634 838 nossent

337 875 446 916 quae
477 860 613 902 iacere
642 860 686 901 in
717 860 910 903 fraudem
941 868 1116 917 possent
1147 863 1396 919 vinctosque
1428 869 1586 906 tenere.

338 945 469 986 quare
501 930 634 972 etiam
666 936 797 986 atque
829 930 972 979 etiam,
1005 938 1054 972 ut
1090 931 1195 981 dico,
1226 939 1292 974 est
1329 933 1556 975 communi’
1588 934 1794 990 voluptas.

398 999 454 1042 Et
484 999 796 1041 commiscendo
828 1014 956 1055 quom
988 999 1151 1042 semine
1184 1001 1291 1042 forte
1324 1001 1435 1043 virili

202 1080 310 1122 1209
339 1069 498 1110 femina
529 1069 614 1110 vim
647 1069 751 1111 vicit
780 1070 925 1111 subita
956 1070 996 1111 vi
1028 1070 1330 1126 corripuitque,
1690 1084 1799 1115 1210

339 1142 433 1178 tum
464 1137 625 1179 similes
657 1143 843 1179 matrum
875 1144 1070 1180 materno
1101 1139 1263 1181 semine
1295 1139 1418 1188 fiunt,

339 1211 390 1248 ut
420 1207 615 1263 patribus
645 1207 795 1262 patrio.
828 1207 902 1249 sed
934 1223 1040 1263 quos
1071 1209 1297 1264 utriusque
1329 1208 1492 1265 figurae

339 1289 429 1317 esse
463 1275 593 1325 vides,
625 1276 782 1318 iuxtim
815 1276 1043 1319 miscentes
1074 1277 1196 1319 vulta
1227 1285 1469 1333 parentum,

339 1358 510 1400 corpore
542 1345 595 1386 de
626 1344 766 1400 patrio
797 1350 842 1387 et
873 1351 1068 1388 materno
1099 1347 1308 1402 sanguine
1340 1354 1548 1396 crescunt,

338 1412 502 1454 semina
532 1428 629 1455 cum
664 1413 842 1455 Veneris
872 1415 1060 1456 stimulis
1091 1414 1232 1456 excita
1262 1430 1338 1471 per
1368 1423 1488 1458 artus
1689 1428 1792 1470 1215

338 1479 464 1521 obvia
493 1479 686 1521 conflixit
716 1479 962 1536 conspirans
994 1489 1172 1522 mutuus
1203 1481 1338 1531 ardor,
1623 1477 1625 1479 ’

338 1555 383 1590 et
414 1563 553 1604 neque
584 1556 732 1591 utrum
763 1550 985 1605 superavit
1016 1565 1163 1592 eorum
1195 1566 1273 1593 nec
1304 1558 1608 1607 superatumst.

340 1616 391 1659 fit
423 1632 593 1673 quoque
624 1624 674 1659 ut
706 1617 924 1660 interdum
956 1619 1116 1661 similes
1148 1620 1330 1662 existere
1362 1636 1538 1664 avorum

338 1686 503 1741 possint
533 1692 578 1728 et
606 1686 794 1728 referant
824 1701 1078 1742 proavorum
1109 1702 1236 1744 saepe
1266 1689 1425 1746 figuras

341 1760 566 1811 propterea
597 1755 698 1811 quia
729 1756 869 1798 multa
899 1757 1035 1799 modis
1065 1757 1298 1813 primordia
1328 1759 1477 1801 multis
1689 1771 1797 1802 1220

340 1824 477 1866 mixta
507 1839 582 1866 suo
613 1825 755 1867 celant
786 1825 830 1867 in
861 1840 1034 1882 corpore
1065 1841 1192 1883 saepe
1225 1828 1426 1883 parentis,

339 1908 449 1950 quae
480 1894 677 1950 patribus
708 1901 852 1950 patres
884 1895 1064 1938 tradunt
1095 1897 1149 1938 ab
1180 1898 1314 1953 stirpe
1345 1899 1559 1954 profecta3

338 1963 439 2006 inde
470 1963 619 2006 Venus
652 1964 768 2006 varia
797 1964 995 2021 producit
1026 1972 1138 2008 sorte
1170 1967 1330 2023 figuras

195 2142 316 2176 Lamb.
493 2143 577 2177 1198
598 2149 740 2184 possent.
786 2144 893 2176 Lach.
910 2145 1007 2177 reads
1018 2151 1171 2186 possunt,
1188 2146 1258 2178 and
1274 2146 1379 2179 refers
1396 2148 1483 2188 quod
1498 2148 1633 2179 illorum
1647 2151 1743 2181 subat
1760 2153 1795 2183 to

196 2197 256 2230 the
272 2197 371 2231 male.
545 2198 629 2229 1200
652 2200 829 2230 salientum
846 2199 932 2232 Mar.
948 2199 1024 2231 Ald.
1044 2201 1061 2230 1
1079 2199 1177 2232 Junt.
1193 2200 1247 2232 101·
1263 2202 1451 2233 sallentum.
1497 2207 1659 2234 retractat
1674 2203 1797 2236 Lamb.

195 2251 246 2284 ed.
265 2254 284 2284 2
300 2251 370 2283 and
385 2252 404 2282 3
421 2251 495 2284 first
512 2251 564 2283 for
581 2257 774 2285 retractant.
955 2254 1038 2285 1201
1062 2255 1164 2286 etiam
1180 2264 1248 2286 om.
1265 2255 1358 2286 Nicc.
1376 2255 1469 2287 Flor.
1487 2256 1528 2298 31
1545 2256 1660 2291 Camb.
1682 2259 1701 2289 2
1717 2259 1794 2292 Vat.

196 2305 288 2338 Brix.
309 2306 388 2337 Ver.
406 2305 488 2338 Ven.
505 2308 601 2338 memi
618 2316 683 2338 one
699 2306 777 2338 Vat.
833 2308 909 2339 illos
925 2309 945 2339 2
967 2308 1043 2341 Vat.
1103 2311 1206 2340 etiam
1227 2309 1264 2341 01
1281 2309 1340 2341 ΑΒ
1361 2309 1491 2351 rightly
1508 2310 1616 2343 added
1637 2312 1680 2352 by
1696 2313 1797 2346 Pont.

197 2360 266 2393 and
288 2361 415 2392 Avanc.
593 2362 677 2392 1202
700 2363 821 2394 vinclis
846 2362 932 2395 Mar.
956 2363 1031 2395 Ald.
1058 2364 1075 2395 1
1099 2364 1196 2397 Junt.
1223 2364 1276 2396 for
1297 2366 1432 2397 vinciis.
1594 2367 1678 2399 1203
1701 2378 1800 2409 quam

198 2414 303 2446 Lach.
328 2413 380 2447 for
403 2425 486 2447 cum.
542 2417 624 2455 quin
647 2415 734 2448 Mar.
759 2416 856 2449 Junt.
883 2417 1003 2450 Lamb.
1030 2417 1082 2450 ed.
1108 2419 1126 2449 1
1150 2419 1219 2450 and
1246 2420 1277 2451 2.
1333 2430 1400 2453 non
1420 2430 1516 2461 saepe
1539 2420 1658 2453 Lamb.
1683 2422 1735 2455 ed.
1763 2424 1793 2464 3,

198 2467 336 2500 Greech.
475 2469 560 2501 1204
583 2469 693 2512 (1210)
717 2470 794 2502 first
816 2470 963 2512 brought
986 2472 1065 2504 here
1087 2472 1132 2514 by
1154 2473 1300 2513 Nauger.
1439 2475 1523 2508 1207
1547 2477 1654 2508 lacere
1676 2477 1798 2510 Lamb.

197 2523 266 2555 and
282 2522 389 2555 above
406 2522 490 2555 1146
507 2525 682 2562 lactamur,
700 2524 845 2557 without
861 2535 974 2558 cause.
1108 2527 1191 2560 1209
1214 2530 1346 2561 semine.
1392 2540 1499 2562 semen
1514 2530 1626 2563 would
1646 2530 1799 2573 simplify

198 2575 257 2608 the
279 2577 406 2607 constr.
592 2578 677 2609 1210
699 2579 767 2610 vim
790 2580 875 2610 vicit
899 2579 1090 2612 Salmasius
1113 2581 1166 2613 for
1180 2583 1216 2613 vi
1238 2584 1371 2614 mulsit:
1400 2593 1420 2615 a
1443 2583 1574 2615 certain
1598 2585 1797 2624 correction,

199 2631 310 2663 which
324 2631 424 2663 Wak.
441 2631 510 2664 and
525 2632 633 2664 Lach.
650 2633 758 2674 justly
773 2633 894 2675 adopt:
919 2634 977 2667 the
993 2635 1086 2667 older
1101 2635 1260 2677 readings
1281 2646 1337 2669 are
1355 2640 1417 2669 not
1433 2638 1542 2670 worth
1562 2639 1798 2681 mentioning3

198 2686 316 2718 Lamb.
341 2685 378 2718 in
401 2685 482 2717 vain
505 2686 586 2718 tries
609 2689 644 2719 to
668 2687 832 2720 extricate
857 2688 1015 2721 himself:
1047 2689 1074 2721 it
1097 2699 1241 2731 appears
1265 2691 1354 2723 from
1378 2693 1441 2724 500
1463 2692 1638 2725 instances
1661 2694 1738 2728 that
1759 2695 1797 2728 in

199 2749 260 2771 our
277 2739 470 2779 archetype,
495 2749 532 2771 as
555 2739 592 2771 in
623 2740 721 2772 other
745 2750 829 2773 mss.
856 2742 993 2775 written
1021 2743 1058 2774 in
1082 2753 1206 2783 square
1230 2745 1388 2785 capitale,
1417 2747 1429 2777 l
1454 2745 1525 2778 and
1550 2748 1564 2778 i
1591 2756 1676 2779 were
1703 2748 1797 2781 often

199 2793 544 2834 undjstinguishable:
577 2795 640 2826 824
664 2805 771 2827 errore
794 2798 1011 2838 multareque,
1036 2808 1048 2828 1
1073 2797 1136 2830 659
1157 2808 1216 2830 ver
1237 2800 1318 2830 aula
1341 2799 1410 2831 AB.
1588 2801 1671 2833 1220
1693 2803 1800 2835 multa

198 2848 301 2880 modis
322 2847 440 2879 Lamb.
461 2847 512 2880 ed.
533 2849 552 2879 2
573 2848 643 2880 and
666 2850 685 2880 3
709 2850 761 2881 for
783 2852 1005 2891 multimodis3
1030 2851 1110 2889 and,
1135 2852 1304 2893 although
1326 2853 1422 2886 Junt.
1449 2853 1513 2885 has
1535 2856 1738 2888 multimodis
1761 2856 1798 2889 in

198 2901 258 2934 the
273 2904 355 2940 text,
372 2901 399 2934 it
416 2901 527 2934 would
542 2912 668 2944 appear
684 2904 772 2936 from
787 2904 842 2937 his
858 2908 940 2938 note
955 2909 991 2939 at
1007 2906 1066 2939 the
1082 2907 1151 2938 end
1166 2906 1243 2939 that
1265 2907 1440 2940 Candidus
1459 2907 1622 2941 intended
1643 2911 1680 2942 to
1700 2910 1796 2951 print
