1997 3267
932 178 972 219 V
1666 191 1742 222 221

263 287 451 344 praebet,
483 292 532 329 ut
563 291 628 328 est
659 286 741 328 oris
771 285 974 327 extremis
1005 300 1188 341 cumque
1219 290 1369 327 notata

263 362 511 412 quantaque
543 361 747 411 quantast
778 355 878 396 hinc
907 354 1031 396 nobis
1062 355 1261 396 videatur
1290 355 1334 396 in
1366 355 1463 396 alto.

262 432 476 483 postremo
508 439 796 481 quoscumque
828 424 947 466 vides
978 424 1077 466 hinc
1107 425 1294 467 aetheris
1325 425 1468 481 ignes3
1666 428 1742 478 585

264 495 608 550 quandoquidem
640 508 929 549 quoscumque
961 493 1006 534 in
1037 493 1160 535 terris
1192 494 1405 535 cernimus
1435 494 1562 548 iqnes,

264 564 367 605 dum
398 569 558 604 tremor
587 569 645 605 est
675 563 824 612 clarus,
854 563 957 603 dum
989 562 1179 603 cernitur
1209 563 1333 603 ardor
1363 577 1521 612 eorum,

264 648 513 688 perparvom
546 632 750 688 quiddam
781 631 1000 673 interdum
1032 637 1200 673 mutare
1232 631 1404 673 videtur

263 701 442 743 alteram
474 706 615 742 utram
647 701 691 741 in
722 706 888 756 partem
920 700 1054 749 filum,
1084 714 1167 755 quo
1199 700 1365 755 longius
1394 701 1574 752 absunt3

153 781 235 825 594
264 771 369 812 scire
400 770 500 812 licet
530 784 735 825 perquam
768 768 959 824 pauxillo
990 783 1110 824 posse
1142 769 1326 811 minores
1667 782 1748 825 590

264 854 354 881 esse
385 839 451 880 vel
483 839 638 893 exigua
668 838 837 879 maioris
868 843 990 893 parte
1021 837 1236 893 brevique.

153 919 236 962 590
323 907 438 950 Illud
469 907 574 949 item
604 921 690 948 non
721 911 786 948 est
818 906 1072 956 mirandum,
1104 921 1189 961 qua
1218 907 1384 949 ratione

265 977 461 1019 tantulus
491 976 563 1018 ille
594 981 726 1031 queat
757 981 930 1017 tantum
961 976 1022 1017 sol
1053 976 1228 1018 mittere
1261 977 1418 1026 lumen,

265 1045 378 1101 quod
408 1045 542 1086 maria
572 1059 621 1086 ac
652 1051 787 1086 terras
817 1044 955 1085 omnis
986 1044 1237 1100 caelumque
1268 1045 1445 1101 rigando

265 1113 476 1168 compleat
507 1118 551 1154 et
582 1113 716 1154 calido
748 1111 978 1167 perfundat
1009 1118 1163 1154 cuncta
1195 1127 1358 1168 vapore.
1667 1125 1743 1167 595

153 1193 233 1235 597
264 1197 364 1224 nam
396 1183 496 1224 licet
526 1182 626 1223 hinc
657 1181 807 1223 mundi
837 1182 1101 1237 patefactum
1134 1181 1269 1222 totius
1300 1196 1434 1223 unum

266 1250 510 1308 largifluum
544 1250 705 1291 fontem
738 1255 900 1291 scatere
931 1256 1062 1305 atque
1094 1264 1316 1305 erumpere
1348 1250 1505 1301 lumen,

266 1334 317 1361 ex
349 1319 464 1360 omni
496 1319 655 1360 mundo
687 1318 790 1373 quia
819 1318 880 1359 sic
911 1318 1124 1359 elementa
1155 1318 1323 1373 vaporis

265 1388 455 1444 undique
486 1387 750 1429 conveniunt
781 1393 824 1428 et
856 1387 915 1429 sic
945 1387 1163 1428 coniectus
1194 1402 1340 1428 eorum
1664 1390 1749 1431 600

265 1458 454 1508 confluit,
485 1473 536 1499 ex
568 1473 654 1499 uno
685 1457 825 1512 capite
857 1456 926 1498 hic
956 1462 1007 1498 ut
1037 1456 1222 1512 profluat
1253 1456 1387 1499 ardor.

264 1543 405 1570 nonne
437 1528 555 1570 vides
585 1528 718 1570 etiam
750 1542 878 1583 quam
910 1528 996 1569 late
1027 1542 1184 1583 parvus
1214 1528 1341 1583 aquai

265 1602 390 1652 prata
419 1596 531 1653 riget
563 1597 655 1638 fons
685 1596 903 1638 interdum
935 1596 1181 1652 campisque
1212 1596 1457 1638 redundet?

265 1672 332 1708 est
361 1665 493 1707 etiam
525 1680 693 1721 quoque
724 1665 791 1706 uti
822 1679 906 1706 non
937 1679 1092 1721 magno
1123 1664 1221 1706 solis
1251 1665 1306 1706 ab
1336 1665 1427 1721 igni

266 1749 364 1776 aera
393 1733 602 1789 percipiat
632 1733 780 1774 calidis
810 1733 1046 1774 fervoribus
1076 1733 1211 1783 ardor,
1661 1736 1742 1788 605

266 1808 532 1859 opportunus
561 1802 625 1844 ita
654 1807 719 1843 est
749 1802 786 1843 si
816 1802 923 1843 forte
954 1807 999 1844 et
1028 1802 1206 1844 idoneus
1236 1817 1318 1853 aer,

266 1880 315 1913 ut
346 1877 476 1927 queat
506 1870 678 1912 accendi
708 1870 849 1926 parvis
879 1870 1100 1912 ardoribus
1130 1871 1265 1923 ictus3

266 1940 381 1997 quod
410 1956 546 1997 genus
575 1940 792 1982 interdum
824 1946 991 1996 segetes
1021 1940 1312 1996 stipulamque
1343 1941 1536 1984 videmus

266 2010 465 2053 accedere
496 2024 547 2051 ex
578 2024 665 2051 una
695 2009 882 2051 scintilla
912 2009 1108 2052 incendia
1137 2010 1307 2065 passim.

143 2177 255 2217 filum.
299 2176 469 2206 minimum
483 2174 584 2214 filum
606 2173 700 2205 Nice.
721 2173 812 2213 vulg.
981 2175 1043 2205 584
1069 2174 1264 2214 Quantaque
1287 2179 1446 2215 quantast
1469 2176 1545 2207 hinc
1569 2175 1748 2207 Eichstadt

153 2231 206 2262 for
232 2230 364 2270 Quanto
388 2239 514 2269 quoque
541 2233 700 2268 quantast
726 2228 814 2265 hine,
842 2227 911 2259 and
937 2227 975 2259 in
999 2227 1058 2259 the
1085 2228 1268 2269 repetition
1295 2230 1357 2261 596
1386 2229 1517 2268 Quanta
1545 2240 1672 2270 quoque
1702 2235 1748 2262 est

154 2289 250 2316 tanta
273 2285 367 2316 hinc:
401 2287 486 2322 ‘qua
509 2281 763 2313 emendatione'
789 2292 868 2322 says
890 2282 994 2313 Laeh.
1021 2282 1146 2314 ‘effecit
1170 2285 1208 2314 ut
1231 2283 1287 2315 hic
1311 2283 1415 2315 semel
1437 2284 1532 2316 valde
1556 2284 1749 2316 laudandus

154 2336 228 2368 sit’.
275 2336 471 2376 Quantaque
497 2336 554 2372 sit,
579 2335 672 2366 nobis
698 2339 795 2366 tanta
822 2335 900 2366 hinc
925 2335 1025 2366 Pont.
1053 2335 1127 2366 Ald.
1157 2336 1174 2366 1
1200 2335 1298 2367 Junt.
1346 2337 1481 2376 Quanta
1510 2338 1587 2368 haec
1615 2347 1748 2378 cumque

147 2393 239 2433 fuat,
264 2395 361 2422 tanta
385 2391 461 2422 hinc
483 2389 604 2422 Lamb.
653 2388 655 2391 ’
722 2389 784 2421 586
807 2391 898 2429 iynes
922 2389 1031 2421 added
1054 2390 1097 2430 by
1121 2391 1205 2423 Mar.
1231 2391 1308 2422 Ald.
1335 2392 1351 2422 1
1376 2391 1491 2424 Junt.:
1520 2390 1579 2423 the
1601 2394 1691 2432 ignes
1714 2392 1751 2423 of

154 2447 217 2478 585
241 2445 365 2478 caused
390 2445 436 2477 its
462 2444 640 2476 omission.
691 2446 805 2477 horum
827 2445 917 2477 Flor.
944 2445 984 2476 31
1010 2445 1127 2477 Camb.
1165 2447 1320 2486 flammae
1343 2445 1449 2478 Lach.
1472 2445 1548 2477 who
1572 2456 1650 2487 says
1671 2446 1748 2479 that

153 2503 245 2541 iynes
269 2500 299 2532 is
323 2509 369 2531 an
393 2498 605 2538 unmeaning
631 2498 831 2538 repetition:
870 2498 930 2530 but
955 2498 1086 2530 similar
1112 2499 1312 2540 repetitions
1336 2510 1392 2531 are
1419 2509 1499 2540 very
1525 2509 1685 2531 common
1711 2500 1747 2531 in

153 2555 255 2587 Lucr.
385 2555 448 2586 587
471 2558 519 2585 est
534 2553 642 2585 added
657 2553 701 2594 by
716 2553 805 2586 Flor.
826 2555 867 2584 31
884 2554 1000 2585 Camb.
1018 2556 1080 2585 etc.
1217 2555 1278 2586 588
1301 2556 1431 2586 videtur
1445 2555 1474 2585 A
1490 2555 1582 2585 Nicc.
1600 2554 1689 2586 Flor.
1706 2556 1746 2586 31

155 2609 272 2641 Camb.
298 2608 391 2639 Mon.
415 2610 476 2640 etc.
505 2607 575 2638 and
600 2607 720 2639 Lamb.
748 2607 800 2639 ed.
827 2608 857 2638 1.
923 2609 1079 2639 videntur
1103 2608 1133 2639 B
1163 2608 1284 2640 Lamb.
1317 2608 1367 2640 ed.
1399 2610 1419 2639 2
1446 2608 1514 2640 and
1541 2610 1571 2647 3,
1602 2609 1747 2649 perhaps

153 2663 294 2704 rightly.
441 2662 504 2694 589
528 2663 646 2693 absunt
663 2662 768 2694 Lach.
787 2662 840 2693 for
855 2664 959 2694 absit:
985 2673 1004 2694 a
1020 2672 1199 2702 necessary
1215 2663 1358 2703 change.
1407 2673 1479 2695 cum
1496 2664 1624 2703 lonyius
1641 2663 1747 2694 absint

153 2717 275 2750 Lamb.
379 2716 441 2749 590
457 2716 520 2748 591
539 2714 614 2757 (594
632 2716 706 2758 595)
727 2716 803 2748 first
818 2717 964 2757 brought
979 2717 1059 2749 here
1074 2717 1118 2758 by
1135 2718 1220 2749 Mar.
1238 2718 1310 2750 Ald.
1330 2719 1347 2749 1
1364 2718 1461 2750 Junt.
1565 2719 1744 2751 596=584.

198 2772 261 2804 598
285 2772 403 2801 lumen.
452 2771 580 2809 flumen
601 2770 729 2801 Avanc.
755 2770 876 2802 Lamb.
900 2774 961 2802 etc.
980 2770 1125 2802 without
1140 2781 1208 2811 any
1224 2771 1409 2811 authority.
1581 2772 1643 2804 599
1666 2774 1745 2812 quia

153 2826 225 2858 AB.
271 2835 336 2865 qua
360 2824 452 2855 Nice.
476 2823 568 2855 Flor.
594 2825 634 2855 31
661 2823 778 2865 (Lach.
799 2824 830 2855 is
851 2824 889 2855 in
911 2825 1016 2866 error)
1039 2825 1157 2856 Camb.
1178 2825 1270 2856 Mon.
1293 2826 1339 2856 all
1360 2826 1437 2857 Vat.
1456 2825 1548 2857 Brix.
1564 2825 1639 2857 Ver.
1661 2825 1744 2858 Ven.

153 2878 228 2910 AJd.
249 2879 266 2908 1
283 2877 379 2908 Junt.
397 2887 461 2917 quo
477 2876 600 2908 Lamb.
617 2879 680 2908 etc.
747 2879 881 2917 vaporis
896 2877 1016 2908 Lamb.
1033 2878 1109 2909 first
1125 2878 1177 2909 for
1191 2888 1320 2919 vapore.
1498 2877 1560 2910 605
1578 2880 1747 2919 percipiat

153 2932 298 2972 Nauger.
319 2931 371 2962 for
381 2932 578 2972 percipitat.
667 2930 730 2963 609
753 2932 912 2964 Accedere
928 2933 968 2963 A.
1013 2933 1170 2964 Accidere
1185 2931 1226 2963 B.
1271 2932 1454 2964 Accendere
1469 2932 1499 2963 A
1513 2941 1599 2963 corr.
1615 2931 1706 2965 Nice.
1726 2934 1745 2963 2
