1997 3267
233 198 314 251 238
1004 187 1044 229 V

343 301 549 360 plorantis
580 299 754 357 fugiunt
784 297 1010 339 summisso
1040 310 1211 351 corpore
1242 295 1400 350 plagas.

345 372 526 428 denique
557 385 642 411 non
673 367 869 410 hinnitus
899 366 1005 408 item
1036 365 1206 406 differre
1237 363 1419 413 videtur,

343 443 456 483 inter
483 453 612 495 equas
643 437 717 479 ubi
748 450 883 492 equus
913 434 1084 476 florenti
1114 439 1258 475 aetate
1289 432 1495 474 iuvencus

344 509 556 567 pinnigeri
586 507 720 549 saevit
751 504 984 547 calcaribus
1014 503 1125 544 ictus
1156 501 1322 551 amoris,
1721 509 1839 552 1075·

345 585 389 621 et
418 577 637 619 fremitum
668 573 827 630 patulis
858 572 934 614 ubi
965 571 1140 612 naribus
1171 569 1262 612 edit
1292 568 1347 610 ad
1377 583 1507 618 arma,

345 653 388 688 et
419 660 514 686 cum
546 644 605 685 sic
634 643 738 683 alias
768 639 980 682 concussis
1010 639 1174 681 artibus
1206 637 1381 678 hinnit?

345 721 556 770 postremo
585 726 720 769 genus
750 710 935 752 alituum
967 708 1192 763 variaeque
1224 706 1426 755 volucres,

345 784 566 839 accipitres
596 788 726 837 atque
757 779 985 834 ossifragae
1016 777 1237 833 mergique
1268 774 1445 816 marinis

346 853 546 895 fiuctibus
576 851 620 892 in
651 850 759 891 salso
790 848 953 889 victum
985 846 1203 902 vitamque
1234 850 1445 900 petentes,
1721 845 1828 885 1080

348 923 468 977 longe
499 921 603 962 alias
632 919 716 960 alio
746 917 909 959 iaciunt
940 917 985 957 in
1016 921 1207 971 tempore
1240 929 1372 964 voces,

346 997 391 1034 et
421 1006 548 1046 quom
579 990 631 1031 de
663 989 780 1029 victu
813 992 980 1028 certant
1009 985 1277 1041 praedaeque
1308 987 1563 1040 repugnant.

347 1066 391 1102 et
420 1059 574 1114 partim
608 1063 779 1098 mutant
810 1070 908 1097 cum
939 1053 1272 1109 tempestatibus
1302 1067 1389 1093 una

345 1128 584 1170 raucisonos
615 1132 776 1174 cantus,
808 1123 1024 1166 cornicum
1057 1129 1106 1164 ut
1137 1121 1275 1163 saecla
1305 1125 1479 1162 vetusta

347 1210 648 1250 corvorumque
678 1208 828 1250 greges
860 1192 935 1234 ubi
965 1206 1120 1247 aquam
1152 1190 1356 1232 dicuntur
1387 1195 1431 1231 et
1461 1188 1610 1230 imbris
1721 1189 1823 1242 1085

347 1278 516 1320 poscere
547 1269 591 1305 et
621 1262 838 1304 interdum
871 1265 1020 1302 ventos
1051 1274 1260 1314 aurasque
1290 1273 1449 1300 vocare.

347 1349 444 1389 ergo
474 1334 510 1375 si
540 1332 645 1374 varii
676 1345 824 1373 sensus
854 1329 1056 1371 animalia
1086 1334 1257 1385 cogunt,

348 1410 468 1444 muta
498 1410 643 1444 tamen
674 1415 770 1442 cum
802 1399 900 1449 sint,
933 1399 1071 1440 varias
1102 1398 1300 1440 emittere
1331 1411 1464 1448 voces,

348 1478 507 1527 quanto
537 1470 727 1513 mortalis
757 1469 894 1526 magis
924 1473 1115 1510 aecumst
1147 1473 1241 1508 tum
1272 1467 1462 1522 potuisse

348 1540 564 1583 dissimilis
594 1540 677 1581 alia
707 1545 837 1594 atque
868 1538 951 1579 alia
981 1551 1047 1578 res
1079 1550 1179 1577 voce
1209 1538 1381 1577 notare!
1721 1547 1828 1588 1090

405 1609 537 1664 [Illud
568 1610 611 1650 in
643 1609 709 1650 his
739 1608 866 1650 rebus
897 1606 1057 1648 tacitus
1088 1621 1141 1647 ne
1174 1606 1282 1646 forte
1312 1604 1515 1660 requiras,

348 1679 507 1720 fulmen
539 1677 696 1719 detulit
727 1676 771 1717 in
802 1682 960 1717 terram
991 1672 1243 1715 mortalibus
1274 1672 1419 1728 ignem

349 1746 557 1801 primitus,
587 1745 685 1787 inde
716 1744 853 1786 omnis
883 1744 1153 1785 flammarum
1184 1741 1349 1782 diditur
1380 1740 1511 1782 ardor.

347 1815 484 1856 multa
516 1814 707 1856 videmus
738 1813 852 1854 enim
885 1811 1140 1853 caelestibus
1170 1810 1296 1851 inlita
1326 1809 1509 1850 flammis

346 1885 520 1938 fulgere,
550 1898 647 1925 cum
678 1882 784 1924 caeli
815 1881 991 1923 donavit
1022 1880 1150 1936 plaga
1180 1894 1346 1935 vapore.
1721 1887 1823 1930 1095

346 1960 390 1995 et
421 1967 585 1994 ramosa
615 1959 760 1994 tamen
792 1966 889 1993 cuni
920 1951 1062 1992 ventis
1092 1949 1215 2005 pulsa
1245 1948 1448 1989 vacillans

345 2028 514 2063 aestuat
545 2022 586 2062 in
618 2035 757 2062 ramos
787 2020 1039 2062 incumbens
1069 2017 1229 2060 arboris
1259 2017 1394 2067 arbor,

346 2091 600 2147 exprimitur
629 2090 781 2131 validis
813 2089 997 2131 extritus
1028 2088 1191 2130 viribus
1221 2086 1333 2144 ignis

231 2251 286 2279 too
302 2247 403 2278 much
421 2247 435 2277 1
452 2247 562 2283 think,
580 2256 643 2277 nor
659 2246 701 2277 do
718 2246 734 2277 Ι
756 2256 810 2277 see
831 2256 899 2286 any
914 2246 984 2277 real
1008 2245 1187 2277 difference
1208 2244 1244 2275 in
1268 2253 1366 2275 sense
1388 2243 1536 2274 between
1557 2244 1736 2274 imitantur
1759 2241 1828 2274 and

232 2303 440 2333 minitantur.
601 2302 683 2333 1071
701 2302 821 2332 deserti
839 2302 1026 2331 baubantur
1041 2299 1176 2331 Nonius
1192 2299 1284 2331 Nice.
1306 2298 1359 2329 for
1374 2298 1556 2329 desertibus
1572 2298 1751 2334 aubantur,
1769 2296 1827 2328 i.e.

230 2358 349 2388 deserti
366 2358 393 2387 b.
411 2356 585 2391 aubantur,
603 2355 675 2385 AB:
700 2364 737 2385 so
752 2364 787 2385 VI
802 2355 884 2385 1241
897 2355 1062 2385 Poenibus
1079 2358 1132 2384 at:
1156 2353 1240 2384 Aen.
1255 2362 1290 2383 XI
1307 2353 1370 2384 572
1383 2352 1547 2382 Nutribus
1564 2355 1600 2382 at
1616 2350 1653 2381 P.
1745 2350 1828 2382 1076

225 2413 353 2452 patulis
379 2412 431 2441 1ώὶ
457 2412 591 2441 naribus
614 2409 718 2441 Lach.
740 2409 792 2440 for
810 2410 940 2449 patulis
963 2410 1021 2439 sub
1045 2409 1197 2439 naribus:
1222 2406 1294 2438 this
1317 2405 1422 2445 slight
1444 2405 1574 2444 change
1596 2404 1613 2435 I
1629 2404 1745 2445 adopt,
1767 2405 1828 2437 but

229 2466 311 2497 with
332 2465 514 2496 hesitation
533 2465 585 2496 for
601 2464 698 2496 other
713 2473 853 2495 reasons
870 2463 938 2495 and
955 2464 1028 2495 also
1045 2472 1089 2494 on
1105 2464 1250 2494 account
1272 2462 1309 2493 of
1330 2461 1388 2492 the
1409 2463 1574 2501 apparent
1596 2460 1772 2492 imitation
1794 2459 1831 2492 of

230 2518 338 2558 Virgil
357 2527 465 2558 georg.
494 2527 534 2548 111
556 2518 596 2549 85
621 2518 862 2557 Collectumque
879 2518 1024 2557 fremens
1047 2518 1153 2547 volvit
1176 2516 1235 2546 sub
1257 2516 1396 2546 naribus
1419 2516 1543 2553 iynem:
1572 2515 1691 2554 ‘turpe
1714 2516 1747 2545 et
1771 2512 1827 2545 ob-

231 2582 369 2604 scenum
391 2571 551 2611 loquendi
574 2571 698 2611 genus’
714 2571 819 2611 really
833 2581 945 2602 comes
969 2574 1004 2602 to
1027 2570 1190 2610 nothing:
1214 2569 1296 2601 Aen.
1323 2579 1357 2600 x1
1379 2569 1442 2602 736
1463 2570 1507 2600 At
1527 2578 1593 2600 non
1611 2569 1650 2599 in
1673 2569 1828 2600 Venerem

230 2638 339 2667 seques
356 2632 581 2667 nocturnaque
599 2628 699 2664 bella3
724 2636 834 2666 georg.
851 2636 893 2656 111
910 2628 951 2658 98
967 2626 1131 2666 siquando
1153 2625 1198 2656 ad
1213 2625 1346 2664 proelia
1366 2628 1498 2655 ventum
1520 2627 1578 2659 est,
1595 2622 1664 2654 and
1684 2621 1743 2653 the
1759 2621 1828 2653 like

230 2692 286 2713 are
303 2682 395 2721 quite
411 2691 449 2712 as
465 2690 590 2712 coarse.
730 2681 813 2712 1080
829 2682 925 2712 salso.
975 2681 1073 2710 salsis
1090 2678 1210 2711 Lamb.
1231 2678 1362 2718 tacitly.
1510 2677 1595 2708 1082
1617 2677 1826 2716 praedaeque

230 2736 353 2767 Avanc.
370 2735 497 2775 rightly
514 2735 565 2765 for
575 2736 818 2775 praedataque.
860 2735 1051 2774 praedaque
1069 2733 1097 2764 A
1113 2742 1195 2765 corr.
1215 2732 1308 2763 Nice.
1322 2731 1412 2771 vulg.
1524 2731 1608 2762 1084
1624 2737 1661 2762 ut
1676 2731 1822 2770 Nauger.

230 2788 281 2819 for
297 2793 339 2819 et.
383 2787 458 2818 Ald.
475 2788 491 2817 1
509 2787 606 2818 Junt.
623 2787 708 2817 omit
724 2787 783 2818 the
799 2786 890 2818 word
900 2798 909 2825 3
934 2786 1002 2818 and
1018 2787 1090 2818 also
1107 2786 1207 2823 Man,
1225 2785 1286 2816 but
1301 2785 1344 2816 he
1359 2784 1507 2824 changes
1522 2785 1580 2815 ubi
1595 2783 1632 2815 of
1648 2786 1729 2815 next
1745 2793 1776 2814 v.
1790 2785 1827 2815 to

231 2843 290 2873 ati.
426 2842 509 2873 1088
525 2843 621 2872 Muta
637 2840 725 2873 Flor.
746 2842 787 2872 31
805 2841 888 2873 Mar.
909 2840 984 2872 Ald.
1004 2841 1021 2871 1
1038 2840 1135 2871 Junt.
1153 2840 1205 2871 for
1220 2841 1341 2871 Multa.
1501 2838 1584 2870 1090
1600 2848 1650 2869 res
1663 2838 1756 2868 Nico.
1774 2837 1826 2868 for

231 2906 281 2927 re:
306 2906 415 2937 comp.
434 2906 467 2928 n.
487 2899 523 2927 to
541 2897 634 2927 1058.
767 2896 851 2928 1094
867 2896 969 2926 inlita
984 2894 1088 2926 Lach.
1110 2894 1161 2925 for
1177 2895 1294 2925 insita.
1339 2893 1445 2924 incita
1461 2891 1546 2923 Mar.
1563 2892 1657 2924 Junt.
1679 2891 1768 2930 vulg.

274 2951 355 2983 1095
375 2961 490 2991 vapore
506 2950 609 2981 Lach.
627 2950 679 2981 for
694 2952 840 2991 vaporis.
886 2959 1022 2990 vapores
1037 2949 1128 2988 vulg.
1172 2958 1250 2980 vare
1267 2946 1410 2978 Nonius.
1577 2945 1660 2978 1096
1675 2947 1722 2976 Et
1739 2944 1824 2976 Mar.
