1997 3267
213 211 234 240 2
240 210 296 251 70
1004 196 1068 236 VI

327 303 569 360 perfacilest
598 308 745 345 tamen
777 302 881 344 haec
911 303 1097 358 reperire
1128 302 1357 358 animoque
1389 303 1533 345 videre

326 373 469 415 omnia
499 388 583 428 quo
613 379 739 428 pacto
770 372 877 413 fiant
908 387 1091 427 quareve
1123 377 1332 422 creentur,

327 457 423 484 cum
455 443 563 484 bene
595 441 788 498 cognoris
820 441 1046 483 elementis
1075 441 1245 482 reddita
1276 455 1385 496 quae
1416 441 1515 483 sint.

386 511 514 552 Nunc
544 525 623 567 age
655 525 764 566 quae
795 510 904 551 ratio
935 510 1064 551 terrai
1096 509 1285 551 motibus
1316 515 1436 551 extet
1743 518 1823 564 535

328 578 507 634 percipe.
568 583 612 619 et
643 578 688 618 in
717 576 868 632 primis
898 583 1055 618 terram
1088 577 1152 617 fac
1182 581 1232 617 ut
1263 591 1354 617 esse
1385 576 1516 617 rearis

328 654 476 703 supter
506 647 611 689 item
643 653 692 688 ut
723 661 876 702 supera
906 645 1093 687 ventosis
1122 645 1313 701 undique
1344 645 1515 700 plenam

329 717 541 772 speluncis
572 717 816 771 multosque
848 716 965 756 lacus
995 714 1239 770 multasque
1272 714 1450 756 lucunas

331 787 375 827 in
406 786 569 842 gremio
600 800 747 841 gerere
779 791 824 827 et
854 799 984 840 rupes
1015 784 1285 840 deruptaque
1316 799 1442 836 saxa;

332 856 553 912 multaque
585 856 665 896 sub
698 862 819 911 tergo
850 855 980 896 terrai
1012 854 1193 895 flumina
1223 859 1339 896 tecta
1747 862 1830 908 540

331 925 498 965 volvere
530 924 572 965 vi
604 924 762 965 fluctus
793 938 1115 979 summersaque
1147 937 1249 964 saxa
1279 923 1590 979 putandumst3

332 994 522 1049 undique
554 993 668 1034 enim
701 993 885 1034 similem
918 1007 1008 1034 esse
1040 992 1106 1034 sui
1137 1007 1203 1034 res
1233 991 1424 1047 postulat
1455 991 1556 1047 ipsa.

331 1062 398 1103 his
429 1062 563 1118 igitur
593 1062 721 1103 rebus
752 1062 992 1103 subiunctis
1023 1061 1341 1117 suppositisque

332 1137 445 1172 terra
476 1146 658 1185 superne
691 1131 840 1172 tremit
872 1130 1038 1187 magnis
1070 1145 1274 1172 concussa
1304 1130 1451 1180 ruinis,

332 1200 480 1242 subter
510 1201 584 1242 ubi
616 1201 805 1257 ingentis
836 1201 1059 1256 speluncas
1090 1200 1261 1242 subruit
1292 1206 1435 1252 aetas3
1747 1208 1826 1254 545

333 1270 492 1327 quippe
524 1269 685 1311 cadunt
716 1269 798 1310 toti
830 1275 998 1310 montes
1029 1283 1269 1325 magnoque
1300 1275 1477 1324 repente

334 1353 538 1381 concussu
571 1339 657 1380 late
689 1338 936 1394 disserpunt
969 1337 1068 1380 inde
1101 1343 1316 1379 tremores.

335 1415 379 1450 et
409 1408 575 1458 merito,
605 1408 807 1463 quoniam
839 1408 1021 1463 plaustri
1051 1423 1254 1449 concussa
1282 1412 1546 1449 tremescunt

336 1484 450 1519 tecta
479 1477 592 1518 viam
625 1483 798 1533 propter
828 1492 912 1518 non
944 1492 1100 1533 magno
1130 1477 1315 1532 pondere
1346 1482 1451 1526 tota,

336 1562 413 1588 nec
444 1546 587 1587 minus
619 1546 830 1594 exultant,
861 1551 911 1587 ut
942 1560 1121 1601 scrupus
1151 1561 1334 1601 cumque
1368 1545 1454 1586 viai
1749 1554 1833 1599 550

337 1618 513 1659 ferratos
545 1616 763 1672 utrimque
795 1622 985 1657 rotarum
1018 1615 1206 1658 succutit
1238 1616 1371 1657 orbes,

337 1686 387 1727 fit
418 1700 598 1741 quoque,
632 1685 705 1726 ubi
738 1685 783 1725 in
817 1699 993 1740 magnas
1024 1691 1160 1740 aquae
1194 1690 1421 1740 vastasque
1452 1685 1629 1726 lucunas

336 1755 463 1812 gleba
494 1760 710 1796 vetustate
742 1769 765 1796 e
796 1760 910 1795 terra,
940 1754 1205 1809 provolvitur
1234 1755 1397 1811 ingens,

338 1830 388 1864 ut
419 1823 604 1864 iactetur
634 1837 771 1878 aquae
802 1822 937 1864 fluctu
970 1837 1138 1878 quoque
1170 1830 1284 1864 terra
1316 1823 1543 1875 vacillans;

223 1983 252 2014 A
268 1993 351 2014 corr.
397 1985 555 2023 aquantis
572 1982 662 2013 Flor.
681 1983 721 2014 31
740 1982 825 2015 Mar.
848 1982 945 2014 Junt.
1080 1983 1142 2014 533
1158 1984 1251 2024 fiant
1268 1983 1353 2014 Mar.
1372 1982 1446 2014 Ald.
1466 1983 1482 2013 1
1500 1983 1596 2014 Junt.
1614 1983 1801 2024 forfluant.

269 2037 331 2068 536
355 2042 477 2068 terram
500 2036 591 2067 Flor.
610 2037 650 2067 31
673 2036 790 2068 Camb.
813 2040 876 2067 etc.
903 2036 954 2067 for
978 2041 1093 2068 terras.
1271 2037 1333 2069 537
1356 2047 1477 2077 supera.
1499 2037 1626 2069 Avano.
1650 2037 1702 2069 for
1723 2047 1831 2079 super.

224 2102 325 2132 supra
349 2096 397 2123 est
421 2091 507 2122 Mar.
525 2091 622 2122 Junt.
639 2091 800 2131 supera’st
824 2091 945 2123 Lamb.
964 2094 1027 2123 etc.
1074 2093 1218 2123 ventosis
1241 2091 1337 2124 Wak.
1359 2091 1411 2123 for
1434 2093 1552 2130 ventis,
1574 2091 1736 2132 ‘egregie’
1754 2102 1833 2133 says

228 2146 330 2178 Laeli.
351 2145 469 2185 justly.
646 2146 708 2176 541
733 2156 976 2186 summm-saque
1000 2156 1083 2177 saa-a
1106 2146 1196 2177 Flor.
1220 2147 1260 2177 31
1285 2146 1403 2178 Camb.
1426 2147 1445 2177 3
1469 2145 1547 2178 Vat.
1573 2146 1659 2178 Mar.
1676 2147 1764 2187 vulg.
1782 2146 1834 2179 for

226 2210 467 2231 snmmersosca.
519 2201 711 2231 ‘summerso
736 2205 832 2240 capte
856 2200 912 2231 i.e.
935 2200 1057 2240 capite.
1083 2199 1131 2232 sic
1158 2200 1250 2232 Enn.
1277 2201 1453 2240 Capitibus
1476 2206 1628 2232 nutantes
1644 2200 1767 2241 pinus'
1783 2200 1829 2233 Is.

226 2254 323 2285 Voss.
342 2254 378 2285 in
395 2264 459 2286 ms.
477 2259 587 2285 notes.
765 2255 828 2286 542
844 2256 986 2286 similem
1001 2255 1097 2287 Junt.
1116 2255 1190 2287 first
1211 2256 1263 2287 for
1283 2257 1402 2287 simile.
1450 2266 1516 2288 esse
1531 2259 1585 2288 sui
1601 2256 1677 2288 AJd.
1696 2257 1713 2287 1
1731 2256 1830 2289 Junt.

227 2309 279 2340 for
296 2319 362 2340 esse
378 2310 424 2340 vi.
470 2310 578 2340 simile
595 2318 661 2341 esse
678 2314 708 2340 et
723 2319 790 2349 par
807 2308 892 2340 Mar.
1026 2310 1090 2341 548
1104 2311 1253 2351 plaustri
1269 2309 1376 2341 Lach.
1393 2310 1447 2341 for
1461 2312 1637 2350 plaustris.
1769 2311 1834 2343 550

227 2364 389 2402 exultant,
410 2368 447 2394 ut
462 2373 599 2403 scrupus
615 2373 750 2403 cumque
767 2365 840 2394 viai
858 2363 920 2396 Ed.
941 2363 993 2395 for
1009 2365 1195 2396 exultantes
1212 2365 1334 2404 dupnis
1351 2374 1487 2405 cumque
1502 2366 1585 2396 vim:
1609 2374 1664 2396 see
1680 2367 1780 2398 notes
1795 2366 1835 2396 2:

227 2417 332 2448 Lach.
350 2416 476 2457 rightly
499 2427 567 2447 saw
588 2416 665 2448 that
686 2419 754 2448 vim
774 2419 892 2448 meant
913 2419 1008 2449 viai:
1034 2427 1071 2449 so
1093 2418 1156 2449 465
1179 2417 1249 2449 and
1269 2418 1331 2449 511
1353 2418 1410 2449 the
1432 2427 1513 2450 mss.
1534 2417 1619 2450 have
1641 2429 1759 2452 mmore
1780 2419 1834 2451 for

228 2473 373 2508 maiore;
397 2471 459 2502 but
477 2471 534 2502 the
550 2475 620 2503 rest
637 2471 673 2502 of
691 2471 747 2502 his
764 2472 905 2512 reading
920 2478 952 2503 et
968 2468 1026 2503 ubi
1044 2474 1114 2513 lapi
1119 2473 1125 2486 ‘
1143 2483 1277 2513 cumque
1300 2482 1408 2504 seems
1431 2475 1467 2504 to
1487 2482 1542 2504 me
1563 2476 1598 2504 to
1619 2475 1753 2514 pervert
1772 2474 1833 2506 the

229 2525 401 2564 meaning,
415 2535 454 2556 as
470 2525 571 2557 Luer.
585 2525 615 2556 is
628 2525 745 2566 giving
758 2528 824 2557 two
835 2526 977 2557 distinct
988 2527 1162 2558 instanees
1175 2527 1212 2558 of
1225 2529 1318 2567 great
1329 2527 1455 2558 results
1471 2527 1560 2559 from
1577 2528 1677 2559 small
1695 2538 1833 2566 causes;

230 2579 299 2611 and
319 2580 347 2611 it
367 2580 479 2611 would
500 2580 539 2611 be
558 2590 579 2611 a
599 2581 708 2621 really
728 2583 927 2612 monstrous
949 2581 1187 2621 exaggeration
1209 2584 1246 2613 to
1267 2592 1328 2622 say
1348 2581 1424 2613 that
1445 2582 1569 2614 houses
1589 2581 1695 2614 shake
1716 2582 1753 2614 in
1775 2583 1835 2615 the

230 2645 304 2675 way
319 2645 340 2666 a
355 2634 506 2674 carr-lage
522 2634 613 2672 does,
632 2635 730 2666 when
750 2635 810 2667 the
829 2635 953 2667 wheels
975 2646 1032 2668 are
1055 2637 1170 2668 struck
1191 2646 1238 2677 up
1262 2636 1306 2677 by
1329 2647 1349 2668 a
1369 2639 1468 2668 stone
1489 2647 1534 2668 on
1556 2637 1614 2668 the
1634 2637 1726 2670 road..
1774 2638 1834 2670 ubi

231 2700 344 2722 currus
366 2700 502 2730 cumque
524 2700 641 2730 equum
661 2692 697 2721 vi
718 2690 808 2721 Flor.
832 2691 872 2721 31
898 2691 1016 2722 Camb.
1035 2691 1106 2723 and
1127 2693 1147 2723 3
1169 2691 1263 2723 Vat.:
1289 2692 1349 2723 but
1373 2691 1490 2723 Gamb.
1513 2691 1550 2722 in
1572 2694 1646 2723 text
1667 2691 1736 2724 and
1754 2692 1832 2724 Vat.

234 2745 316 2776 1136
333 2744 458 2776 Othob.
469 2743 506 2775 in
522 2754 626 2784 marg.
643 2744 730 2776 have
743 2745 817 2776 also
833 2744 892 2777 the
908 2755 972 2776 ms.
983 2745 1134 2786 reading.
1180 2747 1237 2777 ubi
1254 2756 1369 2778 currus
1387 2756 1513 2786 cunque
1530 2747 1679 2786 equitum
1693 2748 1730 2778 vi
1745 2746 1832 2779 Mar.

233 2799 328 2831 Junt.
345 2799 465 2831 Lamb.
483 2799 535 2830 ed.
554 2800 583 2830 1.
630 2801 687 2830 ubi
711 2810 827 2832 currus
845 2801 949 2839 fortis
973 2810 1092 2840 equum
1113 2801 1164 2831 vis
1189 2800 1240 2831 ed.
1261 2801 1280 2831 2
1304 2800 1373 2831 and
1396 2801 1426 2838 3,
1443 2800 1502 2832 the
1518 2802 1622 2841 sortis
1643 2811 1762 2841 equum
1782 2803 1835 2834 vis

233 2853 332 2893 being
349 2854 437 2884 from
454 2853 581 2886 Avane.
617 2855 725 2891 aedes,
739 2854 795 2885 ubi
811 2864 947 2894 cumque
965 2856 1114 2894 equitum
1129 2856 1181 2885 vis
1196 2853 1294 2886 Wak.
1331 2855 1402 2886 sola
1417 2855 1636 2894 Pisaeumque
1643 2855 1772 2895 flumen
1785 2854 1831 2886 Is.

235 2906 331 2937 Voss.
342 2906 378 2936 in
390 2915 454 2936 ms.
468 2908 582 2937 notes:
597 2905 641 2937 he
654 2905 737 2937 adds
749 2917 822 2938 cum
834 2907 922 2938 after
933 2908 1100 2938 Ferratos.
1198 2908 1260 2938 552
1276 2909 1314 2939 in
1328 2918 1464 2947 magnas
1480 2911 1599 2948 aqiiae.
1645 2918 1781 2948 maynas
1797 2911 1835 2941 in

236 2970 342 3001 aquae
358 2959 476 2992 Lamb.
496 2961 585 3000 vulg.
603 2960 715 2992 before
731 2960 836 2992 Lach.
969 2962 1033 2993 554
1047 2963 1213 2993 vacillans
1228 2961 1257 2992 B
1273 2971 1358 2993 corr.
1374 2962 1501 2993 Avanc.
1518 2962 1571 2993 for
1585 2963 1737 2995 vacillas.
