1997 3267
181 188 238 228 90
960 173 1008 214 II

296 286 371 327 icti
401 286 610 328 reiectant
641 301 763 327 voces
793 285 848 327 ad
879 285 1018 327 sidera
1048 284 1199 326 mundi

296 360 340 396 et
371 356 714 396 circumvolitant
746 356 913 410 equites
944 354 1193 409 mediosque
1223 359 1402 409 repente

296 423 549 465 tramittunt
580 424 719 465 valido
751 424 996 479 quatientes
1026 423 1188 477 impete
1220 437 1400 477 campos.
1699 435 1783 478 330

296 497 340 532 et
371 497 517 532 tamen
548 497 612 533 est
643 491 818 547 quidam
849 492 965 533 locus
995 491 1093 532 altis
1124 490 1344 532 montibus
1375 491 1484 533 unde

295 565 408 601 stare
440 561 641 602 videntur
671 567 715 602 et
746 561 790 601 in
822 561 982 616 campis
1014 560 1243 601 consistere
1275 560 1423 615 fulgor.

353 629 482 669 Nunc
513 644 592 684 age
622 629 708 670 iam
739 629 939 684 deinceps
970 634 1221 670 cunctarum
1254 628 1426 669 exordia
1455 643 1597 671 rerum

294 698 439 753 qualia
468 699 555 739 sint
587 704 630 740 et
662 713 790 753 quam
822 698 947 754 longe
978 698 1186 739 distantia
1218 698 1363 739 formis

294 767 477 822 percipe,
509 767 758 822 multigenis
791 781 920 821 quam
951 766 1039 808 sint
1069 766 1234 807 variata
1265 767 1436 822 figuris3
1700 780 1749 822 33
1758 779 1779 822 5

294 850 379 876 non
411 850 494 890 quo
526 835 663 876 multa
694 850 845 890 parum
878 835 1007 876 simili
1039 835 1126 876 sint
1157 835 1354 891 praedita
1385 836 1529 885 forma,

295 903 368 944 sed
400 903 501 958 quia
532 918 616 944 non
648 903 771 959 volgo
802 903 921 958 paria
952 903 1149 944 omnibus
1180 903 1322 944 omnia
1352 909 1560 946 constant.

293 984 372 1010 nec
402 969 583 1019 mirum3
622 985 723 1010 nam
755 984 852 1010 cum
885 969 940 1010 sit
973 984 1119 1010 eorum
1150 969 1271 1024 copia
1302 975 1426 1011 tanta

294 1047 345 1079 ut
377 1053 515 1094 neque
546 1039 655 1087 finis,
685 1039 752 1080 uti
783 1039 920 1087 docui,
951 1053 1090 1093 neque
1122 1053 1290 1079 summa
1320 1038 1377 1079 sit
1409 1038 1507 1088 ulla,

293 1107 453 1149 debent
484 1108 688 1149 nimirum
720 1123 806 1149 non
837 1108 1035 1149 omnibus
1067 1107 1210 1148 omnia
1240 1122 1435 1163 prorsum
1700 1119 1784 1163 340

294 1191 385 1218 esse
416 1177 508 1232 pari
539 1177 609 1218 filo
641 1177 856 1233 similique
887 1178 1056 1219 adfecta
1088 1178 1233 1233 figura.

294 1252 464 1302 praeter
493 1252 564 1288 eat
593 1262 729 1303 genus
761 1247 1000 1288 humanum
1031 1252 1264 1302 mutaeque
1295 1252 1495 1288 natantes

293 1316 613 1372 squamigerum
644 1316 829 1371 pecudes
860 1322 904 1357 et
936 1316 1051 1357 laeta
1080 1321 1275 1356 armenta
1306 1316 1504 1371 feraeque

294 1391 339 1426 et
370 1385 511 1426 variae
542 1385 743 1434 volucres,
774 1385 983 1426 laetantia
1014 1399 1122 1440 quae
1154 1385 1245 1425 loca
1274 1399 1483 1439 aquarum

295 1454 593 1495 concelebrant
624 1454 784 1494 circum
816 1454 931 1508 ripas
964 1453 1178 1508 fontisque
1210 1454 1424 1508 lacusque,
1701 1466 1777 1509 345

293 1527 338 1563 et
369 1536 478 1577 quae
508 1522 760 1578 pervolgant
792 1537 966 1563 nemora
997 1522 1093 1563 avia
1124 1522 1455 1577 pervolitantes3

296 1605 477 1645 quorum
509 1607 644 1632 unum
677 1591 847 1647 quidvis
876 1592 1117 1648 generatim
1150 1606 1317 1633 sumere
1349 1606 1489 1648 perge,

294 1659 487 1701 invenies
518 1665 664 1701 tamen
696 1661 809 1701 inter
838 1675 882 1701 se
913 1660 1082 1701 differre
1113 1660 1271 1715 figuris.

295 1745 373 1771 nec
403 1729 567 1771 ratione
599 1730 683 1771 alia
713 1730 850 1785 proles
882 1744 1131 1785 cognoscere
1163 1734 1346 1770 matrem

295 1812 373 1839 nec
404 1804 541 1838 mater
572 1803 713 1852 posset
745 1797 932 1852 prolem;
972 1797 1085 1852 quod
1116 1811 1237 1852 posse
1270 1796 1466 1838 videmus
1701 1808 1784 1852 350

294 1881 372 1907 nec
403 1866 545 1907 minus
576 1872 706 1921 atque
738 1867 931 1908 homines
963 1866 1076 1907 inter
1106 1881 1150 1907 se
1181 1871 1285 1907 nota
1315 1866 1465 1908 cluere.

295 1949 395 1975 nam
427 1949 551 1990 saepe
582 1940 684 1976 ante
715 1935 843 1976 deum
875 1935 1037 1976 vitulus
1069 1935 1248 1976 delubra
1278 1934 1428 1976 decora

295 2002 545 2043 turicremas
576 2008 750 2058 propter
782 2009 994 2044 mactatus
1025 2003 1209 2044 concidit
1241 2018 1335 2044 aras

296 2071 517 2126 sanguinis
548 2071 745 2126 expirans
776 2072 962 2113 calidum
994 2072 1046 2113 de
1077 2078 1248 2127 pectore
1280 2071 1468 2124 flumen3

296 2144 341 2179 at
372 2145 510 2180 mater
542 2140 689 2181 viridis
721 2141 855 2181 saltus
885 2141 1035 2182 orbata
1064 2155 1294 2196 peragrans
1701 2151 1779 2195 355

296 2208 433 2248 noscit
464 2208 585 2248 humi
616 2209 798 2263 pedibus
828 2209 1012 2264 vestigia
1042 2223 1187 2264 pressa
1217 2208 1404 2257 bisulcis,

297 2277 439 2318 omnia
470 2278 692 2319 convisens
723 2279 855 2320 oculis
886 2279 977 2320 loca
1007 2279 1044 2319 si
1074 2283 1205 2333 queat
1236 2292 1417 2332 usquam

226 2445 290 2477 330
306 2446 495 2476 tramittunt
510 2444 548 2483 A,
570 2445 800 2475 transmittant
815 2444 855 2475 B.
1016 2444 1077 2475 331
1094 2444 1180 2474 unde
1197 2442 1306 2474 added
1320 2442 1365 2482 by
1378 2441 1472 2474 Nice.
1629 2445 1694 2478 337
1707 2455 1781 2477 con-

182 2504 273 2531 stant
289 2499 382 2530 Nicc.
399 2498 489 2530 Flor.
508 2499 547 2529 31
565 2498 682 2529 Camb.
700 2498 789 2538 vulg.
808 2497 929 2529 Lamb.
947 2497 999 2529 for
1015 2501 1164 2528 constat:
1190 2496 1252 2529 694
1268 2501 1419 2528 constant
1434 2496 1462 2526 B
1479 2496 1569 2529 Nico.
1591 2498 1643 2540 (ἐν’),
1661 2498 1776 2532 Gamb.

183 2554 288 2592 vulg.:
313 2553 376 2585 724
392 2557 538 2583 constent
560 2552 618 2582 AB
640 2552 747 2591 vulg.:
773 2552 809 2582 in
831 2552 877 2583 all
898 2551 993 2583 three
1014 2551 1126 2591 places
1148 2555 1294 2582 constent
1314 2550 1419 2581 Lach.
1431 2562 1440 2589 ς
1464 2550 1524 2582 but
1544 2551 1562 2582 I
1580 2550 1707 2584 believe
1722 2553 1781 2585 the

183 2607 287 2638 indic.
310 2608 345 2637 to
366 2605 406 2637 be
427 2605 529 2645 right,
552 2605 621 2636 and
643 2605 700 2636 the
722 2605 808 2646 subj.
832 2608 867 2636 to
889 2605 976 2636 have
998 2615 1092 2635 come
1114 2604 1201 2635 from
1223 2604 1281 2635 the
1302 2604 1458 2644 adjacent
1474 2604 1589 2636 verbs:
1614 2615 1668 2636 see
1683 2608 1780 2638 notes

184 2661 214 2691 2.
362 2660 424 2690 342
441 2660 579 2690 Praeter
596 2664 649 2690 eat
665 2658 729 2690 Ed.
751 2659 803 2689 for
818 2659 985 2690 Praetere.
1032 2659 1211 2689 Praeterea
1227 2658 1360 2689 Nonius
1375 2668 1408 2698 p.
1427 2658 1499 2689 158.
1545 2659 1700 2691 Praestat
1714 2670 1782 2692 ‘rem

183 2714 246 2745 Ed.
275 2714 446 2753 formerly.
491 2714 694 2744 Ρανειινίιιηι
721 2713 824 2745 Lach.
851 2713 962 2745 which
985 2713 1002 2744 Ι
1030 2713 1127 2745 don’t
1154 2713 1375 2744 understand.
1419 2713 1598 2744 Praeterea
1624 2714 1691 2745 and
1720 2716 1783 2747 347

184 2769 312 2798 Horum
327 2768 379 2798 for
397 2768 541 2806 Quorum
556 2767 576 2797 J
580 2769 654 2798 unt.
671 2767 771 2806 vulgo
787 2780 793 2798 :
818 2769 879 2798 not
896 2767 980 2798 Mar.
1155 2767 1217 2797 343
1235 2771 1385 2798 armenta
1401 2766 1512 2797 Bentl.
1530 2766 1599 2798 and
1615 2766 1783 2799 Tonson's

184 2821 313 2852 edition
332 2821 383 2851 for
399 2822 544 2853 arbusta.
678 2822 740 2853 347
757 2822 891 2861 quidvis
907 2821 1013 2852 Lach.
1031 2821 1084 2852 for
1100 2823 1251 2861 quodvis,
1270 2831 1308 2853 as
1325 2831 1358 2852 1v
1376 2821 1449 2853 126.
1588 2821 1651 2853 356
1666 2823 1783 2854 Noscit

184 2873 288 2906 Lach.
308 2874 361 2905 for
375 2875 525 2915 Nonquit
540 2874 569 2905 A
584 2874 675 2905 Flor.
693 2875 733 2906 31
751 2874 867 2907 Camb.
884 2877 947 2906 etc.
986 2875 1061 2905 Non
1077 2875 1158 2914 quid
1174 2874 1267 2906 Nice.
1309 2875 1451 2915 Oinquit
1465 2874 1507 2912 B,
1522 2875 1671 2915 Oinquid
1687 2875 1781 2908 Gott.

188 2929 334 2968 Linquit
348 2928 376 2959 B
394 2938 479 2959 corr.
496 2929 582 2960 Mar.
600 2929 676 2961 Ald.
698 2929 716 2960 1
739 2929 836 2961 Junt.
851 2929 963 2969 vulgo,
981 2928 1126 2960 without
1149 2938 1257 2961 sense.
1302 2930 1406 2961 Novit
1425 2929 1571 2968 Brieger:
1595 2929 1656 2960 but
1677 2930 1776 2963 Lucr.

1992 203 1997 226 „v
1975 0 1997 190 ›ro-ouum
