<?xml version="1.0" encoding="UTF-8"?>
<!DOCTYPE html PUBLIC "-//W3C//DTD XHTML 1.0 Transitional//EN"
    "http://www.w3.org/TR/xhtml1/DTD/xhtml1-transitional.dtd">
<html xmlns="http://www.w3.org/1999/xhtml" xml:lang="en" lang="en">
 <head>
  <title>
</title>
<meta http-equiv="Content-Type" content="text/html;charset=utf-8" />
  <meta name='ocr-system' content='tesseract 3.04.00' />
  <meta name='ocr-capabilities' content='ocr_page ocr_carea ocr_par ocr_line ocrx_word'/>
</head>
<body>
  <div class='ocr_page' id='page_1' title='image "./lucreticariderer01lucruoft_0207.png"; bbox 0 0 1997 3267; ppageno 0'>
   <div class='ocr_carea' id='block_1_1' title="bbox 961 170 1797 224">
    <p class='ocr_par' dir='ltr' id='par_1_1' title="bbox 961 170 1797 224">
     <span class='ocr_line' id='line_1_1' title="bbox 961 170 1797 224; baseline 0.002 -14"><span class='ocrx_word' id='word_1_1' title='bbox 961 170 1017 211; x_wconf 88' lang='lat' dir='ltr'>IV</span> <span class='ocrx_word' id='word_1_2' title='bbox 1726 182 1797 224; x_wconf 86' lang='lat'>19¹</span> 
     </span>
    </p>
   </div>
   <div class='ocr_carea' id='block_1_2' title="bbox 306 277 1805 2410">
    <p class='ocr_par' dir='ltr' id='par_1_2' title="bbox 306 277 1805 2410">
     <span class='ocr_line' id='line_1_2' title="bbox 309 277 1463 335; baseline -0.001 -15"><span class='ocrx_word' id='word_1_3' title='bbox 309 293 436 335; x_wconf 84' lang='lat' dir='ltr'>saepe</span> <span class='ocrx_word' id='word_1_4' title='bbox 468 284 615 320; x_wconf 90' lang='lat' dir='ltr'>tamen</span> <span class='ocrx_word' id='word_1_5' title='bbox 647 277 984 320; x_wconf 88' lang='lat' dir='ltr'>summittuntur</span> <span class='ocrx_word' id='word_1_6' title='bbox 1014 277 1201 333; x_wconf 88' lang='lat' dir='ltr'>virisque</span> <span class='ocrx_word' id='word_1_7' title='bbox 1233 277 1463 319; x_wconf 87' lang='lat' dir='ltr'>resolvunt.</span> 
     </span>
     <span class='ocr_line' id='line_1_3' title="bbox 309 345 1625 403; baseline -0.002 -13"><span class='ocrx_word' id='word_1_8' title='bbox 309 347 468 390; x_wconf 89' lang='lat' dir='ltr'>deinde</span> <span class='ocrx_word' id='word_1_9' title='bbox 500 347 643 390; x_wconf 87' lang='lat' dir='ltr'>cibum</span> <span class='ocrx_word' id='word_1_10' title='bbox 676 347 874 403; x_wconf 89' lang='lat' dir='ltr'>sequitur</span> <span class='ocrx_word' id='word_1_11' title='bbox 904 361 1091 397; x_wconf 84' lang='lat' dir='ltr'>somnus,</span> <span class='ocrx_word' id='word_1_12' title='bbox 1123 345 1235 402; x_wconf 85' lang='lat' dir='ltr'>quia,</span> <span class='ocrx_word' id='word_1_13' title='bbox 1267 361 1377 403; x_wconf 84' lang='lat' dir='ltr'>quae</span> <span class='ocrx_word' id='word_1_14' title='bbox 1410 347 1511 388; x_wconf 86' lang='lat' dir='ltr'>facit</span> <span class='ocrx_word' id='word_1_15' title='bbox 1542 361 1625 396; x_wconf 87' lang='lat' dir='ltr'>aer,</span> 
     </span>
     <span class='ocr_line' id='line_1_4' title="bbox 309 415 1798 470; baseline -0.001 -11"><span class='ocrx_word' id='word_1_16' title='bbox 309 417 414 460; x_wconf 87' lang='lat' dir='ltr'>haec</span> <span class='ocrx_word' id='word_1_17' title='bbox 445 416 594 459; x_wconf 88' lang='lat' dir='ltr'>eadem</span> <span class='ocrx_word' id='word_1_18' title='bbox 627 417 760 467; x_wconf 88' lang='lat' dir='ltr'>cibus,</span> <span class='ocrx_word' id='word_1_19' title='bbox 795 417 839 458; x_wconf 93' lang='lat' dir='ltr'>in</span> <span class='ocrx_word' id='word_1_20' title='bbox 871 430 1001 458; x_wconf 85' lang='lat' dir='ltr'>venas</span> <span class='ocrx_word' id='word_1_21' title='bbox 1031 415 1135 457; x_wconf 91' lang='lat' dir='ltr'>dum</span> <span class='ocrx_word' id='word_1_22' title='bbox 1168 416 1335 459; x_wconf 90' lang='lat' dir='ltr'>diditur</span> <span class='ocrx_word' id='word_1_23' title='bbox 1365 416 1513 466; x_wconf 88' lang='lat' dir='ltr'>omnis,</span> <span class='ocrx_word' id='word_1_24' title='bbox 1718 427 1798 470; x_wconf 86' lang='lat'>955</span> 
     </span>
     <span class='ocr_line' id='line_1_5' title="bbox 308 483 1451 541; baseline 0 -14"><span class='ocrx_word' id='word_1_25' title='bbox 308 485 450 528; x_wconf 91' lang='lat' dir='ltr'>efficit.</span> <span class='ocrx_word' id='word_1_26' title='bbox 493 491 538 527; x_wconf 89' lang='lat' dir='ltr'>et</span> <span class='ocrx_word' id='word_1_27' title='bbox 569 485 708 527; x_wconf 91' lang='lat' dir='ltr'>multo</span> <span class='ocrx_word' id='word_1_28' title='bbox 739 499 862 541; x_wconf 87' lang='lat' dir='ltr'>sopor</span> <span class='ocrx_word' id='word_1_29' title='bbox 892 483 964 526; x_wconf 89' lang='lat' dir='ltr'>ille</span> <span class='ocrx_word' id='word_1_30' title='bbox 996 484 1277 541; x_wconf 87' lang='lat' dir='ltr'>gravissimus</span> <span class='ocrx_word' id='word_1_31' title='bbox 1309 491 1451 527; x_wconf 89' lang='lat' dir='ltr'>exstat</span> 
     </span>
     <span class='ocr_line' id='line_1_6' title="bbox 309 552 1605 610; baseline 0 -14"><span class='ocrx_word' id='word_1_32' title='bbox 309 568 439 610; x_wconf 89' lang='lat' dir='ltr'>quem</span> <span class='ocrx_word' id='word_1_33' title='bbox 471 559 592 595; x_wconf 88' lang='lat' dir='ltr'>satur</span> <span class='ocrx_word' id='word_1_34' title='bbox 622 559 699 595; x_wconf 86' lang='lat' dir='ltr'>aut</span> <span class='ocrx_word' id='word_1_35' title='bbox 731 553 867 594; x_wconf 84' lang='lat' dir='ltr'>lassus</span> <span class='ocrx_word' id='word_1_36' title='bbox 898 552 1052 609; x_wconf 77' lang='lat' dir='ltr'>capias,</span> <span class='ocrx_word' id='word_1_37' title='bbox 1084 553 1185 608; x_wconf 89' lang='lat' dir='ltr'>quia</span> <span class='ocrx_word' id='word_1_38' title='bbox 1216 553 1404 609; x_wconf 86' lang='lat' dir='ltr'>plurima</span> <span class='ocrx_word' id='word_1_39' title='bbox 1434 559 1527 596; x_wconf 92' lang='lat' dir='ltr'>tum</span> <span class='ocrx_word' id='word_1_40' title='bbox 1561 567 1605 595; x_wconf 90' lang='lat' dir='ltr'>se</span> 
     </span>
     <span class='ocr_line' id='line_1_7' title="bbox 308 621 1359 679; baseline 0 -14"><span class='ocrx_word' id='word_1_41' title='bbox 308 637 483 679; x_wconf 90' lang='lat' dir='ltr'>corpora</span> <span class='ocrx_word' id='word_1_42' title='bbox 513 623 774 665; x_wconf 71' lang='lat' dir='ltr'>conturbant</span> <span class='ocrx_word' id='word_1_43' title='bbox 805 636 962 679; x_wconf 86' lang='lat' dir='ltr'>magno</span> <span class='ocrx_word' id='word_1_44' title='bbox 993 628 1174 664; x_wconf 88' lang='lat' dir='ltr'>contusa</span> <span class='ocrx_word' id='word_1_45' title='bbox 1205 621 1359 665; x_wconf 86' lang='lat' dir='ltr'>labore.</span> 
     </span>
     <span class='ocr_line' id='line_1_8' title="bbox 311 691 1376 746; baseline 0.001 -13"><span class='ocrx_word' id='word_1_46' title='bbox 311 691 363 734; x_wconf 90' lang='lat' dir='ltr'>fit</span> <span class='ocrx_word' id='word_1_47' title='bbox 393 691 559 734; x_wconf 91' lang='lat' dir='ltr'>ratione</span> <span class='ocrx_word' id='word_1_48' title='bbox 591 691 741 734; x_wconf 87' lang='lat' dir='ltr'>eadem</span> <span class='ocrx_word' id='word_1_49' title='bbox 773 691 992 733; x_wconf 82' lang='lat' dir='ltr'>coniectus</span> <span class='ocrx_word' id='word_1_50' title='bbox 1023 691 1183 746; x_wconf 90' lang='lat' dir='ltr'>partim</span> <span class='ocrx_word' id='word_1_51' title='bbox 1215 691 1376 734; x_wconf 85' lang='lat' dir='ltr'>animai</span> 
     </span>
     <span class='ocr_line' id='line_1_9' title="bbox 308 760 1803 818; baseline 0.001 -15"><span class='ocrx_word' id='word_1_52' title='bbox 308 762 437 804; x_wconf 91' lang='lat' dir='ltr'>altior</span> <span class='ocrx_word' id='word_1_53' title='bbox 465 767 599 818; x_wconf 87' lang='lat' dir='ltr'>atque</span> <span class='ocrx_word' id='word_1_54' title='bbox 631 761 740 803; x_wconf 88' lang='lat' dir='ltr'>foras</span> <span class='ocrx_word' id='word_1_55' title='bbox 770 760 934 803; x_wconf 91' lang='lat' dir='ltr'>eiectus</span> <span class='ocrx_word' id='word_1_56' title='bbox 966 760 1122 816; x_wconf 85' lang='lat' dir='ltr'>largior</span> <span class='ocrx_word' id='word_1_57' title='bbox 1153 761 1257 810; x_wconf 89' lang='lat' dir='ltr'>eius,</span> <span class='ocrx_word' id='word_1_58' title='bbox 1717 764 1803 816; x_wconf 86' lang='lat'>960</span> 
     </span>
     <span class='ocr_line' id='line_1_10' title="bbox 307 828 1339 873; baseline -0.003 0"><span class='ocrx_word' id='word_1_59' title='bbox 307 836 353 873; x_wconf 91' lang='lat' dir='ltr'>et</span> <span class='ocrx_word' id='word_1_60' title='bbox 384 830 560 872; x_wconf 83' lang='lat' dir='ltr'>divisior</span> <span class='ocrx_word' id='word_1_61' title='bbox 590 830 705 871; x_wconf 83' lang='lat' dir='ltr'>inter</span> <span class='ocrx_word' id='word_1_62' title='bbox 735 844 779 871; x_wconf 92' lang='lat' dir='ltr'>se</span> <span class='ocrx_word' id='word_1_63' title='bbox 811 843 859 870; x_wconf 89' lang='lat' dir='ltr'>ac</span> <span class='ocrx_word' id='word_1_64' title='bbox 889 828 1135 870; x_wconf 73' lang='lat' dir='ltr'>distractior</span> <span class='ocrx_word' id='word_1_65' title='bbox 1164 828 1209 870; x_wconf 92' lang='lat' dir='ltr'>in</span> <span class='ocrx_word' id='word_1_66' title='bbox 1242 834 1339 871; x_wconf 87' lang='lat' dir='ltr'>test.</span> 
     </span>
     <span class='ocr_line' id='line_1_11' title="bbox 368 898 1543 956; baseline -0.001 -14"><span class='ocrx_word' id='word_1_67' title='bbox 368 900 425 942; x_wconf 88' lang='lat' dir='ltr'>Et</span> <span class='ocrx_word' id='word_1_68' title='bbox 457 914 541 956; x_wconf 92' lang='lat' dir='ltr'>quo</span> <span class='ocrx_word' id='word_1_69' title='bbox 573 899 754 955; x_wconf 88' lang='lat' dir='ltr'>quisque</span> <span class='ocrx_word' id='word_1_70' title='bbox 787 899 873 940; x_wconf 86' lang='lat' dir='ltr'>fere</span> <span class='ocrx_word' id='word_1_71' title='bbox 905 898 1050 939; x_wconf 89' lang='lat' dir='ltr'>studio</span> <span class='ocrx_word' id='word_1_72' title='bbox 1081 898 1307 940; x_wconf 85' lang='lat' dir='ltr'>devinctus</span> <span class='ocrx_word' id='word_1_73' title='bbox 1338 898 1543 941; x_wconf 84' lang='lat' dir='ltr'>adhaeret</span> 
     </span>
     <span class='ocr_line' id='line_1_12' title="bbox 308 967 1528 1025; baseline -0.002 -14"><span class='ocrx_word' id='word_1_74' title='bbox 308 974 386 1011; x_wconf 87' lang='lat' dir='ltr'>aut</span> <span class='ocrx_word' id='word_1_75' title='bbox 416 968 574 1025; x_wconf 90' lang='lat' dir='ltr'>quibus</span> <span class='ocrx_word' id='word_1_76' title='bbox 605 968 650 1010; x_wconf 91' lang='lat' dir='ltr'>in</span> <span class='ocrx_word' id='word_1_77' title='bbox 682 967 810 1010; x_wconf 89' lang='lat' dir='ltr'>rebus</span> <span class='ocrx_word' id='word_1_78' title='bbox 840 967 1027 1008; x_wconf 88' lang='lat' dir='ltr'>multum</span> <span class='ocrx_word' id='word_1_79' title='bbox 1060 982 1209 1008; x_wconf 88' lang='lat' dir='ltr'>sumus</span> <span class='ocrx_word' id='word_1_80' title='bbox 1240 973 1342 1009; x_wconf 85' lang='lat' dir='ltr'>ante</span> <span class='ocrx_word' id='word_1_81' title='bbox 1374 968 1528 1009; x_wconf 84' lang='lat' dir='ltr'>morati</span> 
     </span>
     <span class='ocr_line' id='line_1_13' title="bbox 308 1037 1478 1095; baseline -0.001 -15"><span class='ocrx_word' id='word_1_82' title='bbox 308 1044 440 1095; x_wconf 89' lang='lat' dir='ltr'>atque</span> <span class='ocrx_word' id='word_1_83' title='bbox 471 1038 516 1079; x_wconf 91' lang='lat' dir='ltr'>in</span> <span class='ocrx_word' id='word_1_84' title='bbox 548 1053 598 1080; x_wconf 87' lang='lat' dir='ltr'>ea</span> <span class='ocrx_word' id='word_1_85' title='bbox 629 1038 794 1079; x_wconf 89' lang='lat' dir='ltr'>ratione</span> <span class='ocrx_word' id='word_1_86' title='bbox 827 1037 911 1079; x_wconf 90' lang='lat' dir='ltr'>fuit</span> <span class='ocrx_word' id='word_1_87' title='bbox 942 1042 1147 1078; x_wconf 87' lang='lat' dir='ltr'>contenta</span> <span class='ocrx_word' id='word_1_88' title='bbox 1178 1037 1315 1094; x_wconf 86' lang='lat' dir='ltr'>magis</span> <span class='ocrx_word' id='word_1_89' title='bbox 1347 1052 1478 1088; x_wconf 81' lang='lat' dir='ltr'>menS,</span> 
     </span>
     <span class='ocr_line' id='line_1_14' title="bbox 307 1105 1799 1163; baseline 0 -13"><span class='ocrx_word' id='word_1_90' title='bbox 307 1108 353 1150; x_wconf 91' lang='lat' dir='ltr'>in</span> <span class='ocrx_word' id='word_1_91' title='bbox 384 1107 544 1150; x_wconf 89' lang='lat' dir='ltr'>somnis</span> <span class='ocrx_word' id='word_1_92' title='bbox 576 1106 725 1149; x_wconf 84' lang='lat' dir='ltr'>eadem</span> <span class='ocrx_word' id='word_1_93' title='bbox 757 1107 1011 1163; x_wconf 78' lang='lat' dir='ltr'>plerumque</span> <span class='ocrx_word' id='word_1_94' title='bbox 1044 1105 1241 1148; x_wconf 89' lang='lat' dir='ltr'>videmur</span> <span class='ocrx_word' id='word_1_95' title='bbox 1272 1107 1414 1161; x_wconf 90' lang='lat' dir='ltr'>obire;</span> <span class='ocrx_word' id='word_1_96' title='bbox 1718 1109 1799 1161; x_wconf 85' lang='lat'>965</span> 
     </span>
     <span class='ocr_line' id='line_1_15' title="bbox 307 1176 1368 1233; baseline -0.002 -13"><span class='ocrx_word' id='word_1_97' title='bbox 307 1177 512 1220; x_wconf 86' lang='lat' dir='ltr'>causidici</span> <span class='ocrx_word' id='word_1_98' title='bbox 543 1191 692 1218; x_wconf 80' lang='lat' dir='ltr'>causas</span> <span class='ocrx_word' id='word_1_99' title='bbox 723 1190 850 1233; x_wconf 82' lang='lat' dir='ltr'>agere</span> <span class='ocrx_word' id='word_1_100' title='bbox 882 1182 926 1217; x_wconf 88' lang='lat' dir='ltr'>et</span> <span class='ocrx_word' id='word_1_101' title='bbox 958 1190 1210 1231; x_wconf 87' lang='lat' dir='ltr'>componere</span> <span class='ocrx_word' id='word_1_102' title='bbox 1244 1176 1368 1231; x_wconf 83' lang='lat' dir='ltr'>loges,</span> 
     </span>
     <span class='ocr_line' id='line_1_16' title="bbox 306 1244 1287 1303; baseline -0.002 -14"><span class='ocrx_word' id='word_1_103' title='bbox 306 1247 632 1303; x_wconf 81' lang='lat' dir='ltr'>induperatores</span> <span class='ocrx_word' id='word_1_104' title='bbox 663 1260 856 1301; x_wconf 82' lang='lat' dir='ltr'>pugnare</span> <span class='ocrx_word' id='word_1_105' title='bbox 887 1259 935 1286; x_wconf 91' lang='lat' dir='ltr'>ac</span> <span class='ocrx_word' id='word_1_106' title='bbox 966 1244 1128 1301; x_wconf 83' lang='lat' dir='ltr'>proelia</span> <span class='ocrx_word' id='word_1_107' title='bbox 1158 1245 1287 1295; x_wconf 88' lang='lat' dir='ltr'>obire,</span> 
     </span>
     <span class='ocr_line' id='line_1_17' title="bbox 307 1314 1468 1371; baseline -0.002 -13"><span class='ocrx_word' id='word_1_108' title='bbox 307 1321 468 1358; x_wconf 87' lang='lat' dir='ltr'>nautae</span> <span class='ocrx_word' id='word_1_109' title='bbox 499 1320 768 1357; x_wconf 89' lang='lat' dir='ltr'>contractum</span> <span class='ocrx_word' id='word_1_110' title='bbox 801 1329 898 1356; x_wconf 89' lang='lat' dir='ltr'>cum</span> <span class='ocrx_word' id='word_1_111' title='bbox 934 1315 1074 1356; x_wconf 79' lang='lat' dir='ltr'>ventis</span> <span class='ocrx_word' id='word_1_112' title='bbox 1105 1314 1262 1371; x_wconf 87' lang='lat' dir='ltr'>degere</span> <span class='ocrx_word' id='word_1_113' title='bbox 1293 1314 1468 1364; x_wconf 91' lang='lat' dir='ltr'>bellum,</span> 
     </span>
     <span class='ocr_line' id='line_1_18' title="bbox 307 1384 1551 1442; baseline -0.001 -15"><span class='ocrx_word' id='word_1_114' title='bbox 307 1400 384 1427; x_wconf 88' lang='lat' dir='ltr'>nos</span> <span class='ocrx_word' id='word_1_115' title='bbox 415 1399 541 1442; x_wconf 85' lang='lat' dir='ltr'>agere</span> <span class='ocrx_word' id='word_1_116' title='bbox 574 1384 652 1426; x_wconf 92' lang='lat' dir='ltr'>hoc</span> <span class='ocrx_word' id='word_1_117' title='bbox 682 1390 829 1426; x_wconf 88' lang='lat' dir='ltr'>autem</span> <span class='ocrx_word' id='word_1_118' title='bbox 864 1390 908 1426; x_wconf 89' lang='lat' dir='ltr'>et</span> <span class='ocrx_word' id='word_1_119' title='bbox 940 1391 1138 1426; x_wconf 84' lang='lat' dir='ltr'>naturam</span> <span class='ocrx_word' id='word_1_120' title='bbox 1173 1398 1377 1441; x_wconf 81' lang='lat' dir='ltr'>quaerere</span> <span class='ocrx_word' id='word_1_121' title='bbox 1408 1399 1551 1427; x_wconf 90' lang='lat' dir='ltr'>rerum</span> 
     </span>
     <span class='ocr_line' id='line_1_19' title="bbox 307 1453 1804 1510; baseline 0.001 -14"><span class='ocrx_word' id='word_1_122' title='bbox 307 1468 476 1510; x_wconf 88' lang='lat' dir='ltr'>semper</span> <span class='ocrx_word' id='word_1_123' title='bbox 506 1459 551 1495; x_wconf 94' lang='lat' dir='ltr'>et</span> <span class='ocrx_word' id='word_1_124' title='bbox 582 1453 805 1495; x_wconf 86' lang='lat' dir='ltr'>inventam</span> <span class='ocrx_word' id='word_1_125' title='bbox 837 1453 989 1509; x_wconf 83' lang='lat' dir='ltr'>patriis</span> <span class='ocrx_word' id='word_1_126' title='bbox 1020 1468 1232 1509; x_wconf 85' lang='lat' dir='ltr'>exponere</span> <span class='ocrx_word' id='word_1_127' title='bbox 1264 1453 1437 1495; x_wconf 73' lang='lat' dir='ltr'>chartis.</span> <span class='ocrx_word' id='word_1_128' title='bbox 1717 1466 1804 1508; x_wconf 85' lang='lat'>970</span> 
     </span>
     <span class='ocr_line' id='line_1_20' title="bbox 307 1521 1548 1578; baseline 0 -14"><span class='ocrx_word' id='word_1_129' title='bbox 307 1528 452 1564; x_wconf 87' lang='lat' dir='ltr'>cetera</span> <span class='ocrx_word' id='word_1_130' title='bbox 481 1521 542 1564; x_wconf 89' lang='lat' dir='ltr'>sic</span> <span class='ocrx_word' id='word_1_131' title='bbox 571 1522 717 1564; x_wconf 88' lang='lat' dir='ltr'>studia</span> <span class='ocrx_word' id='word_1_132' title='bbox 748 1529 879 1578; x_wconf 90' lang='lat' dir='ltr'>atque</span> <span class='ocrx_word' id='word_1_133' title='bbox 912 1528 1026 1564; x_wconf 84' lang='lat' dir='ltr'>artes</span> <span class='ocrx_word' id='word_1_134' title='bbox 1057 1522 1312 1578; x_wconf 75' lang='lat' dir='ltr'>plerumque</span> <span class='ocrx_word' id='word_1_135' title='bbox 1344 1522 1548 1565; x_wconf 84' lang='lat' dir='ltr'>videntur</span> 
     </span>
     <span class='ocr_line' id='line_1_21' title="bbox 307 1591 1426 1633; baseline 0.001 -1"><span class='ocrx_word' id='word_1_136' title='bbox 307 1592 353 1633; x_wconf 92' lang='lat' dir='ltr'>in</span> <span class='ocrx_word' id='word_1_137' title='bbox 384 1591 544 1633; x_wconf 89' lang='lat' dir='ltr'>somnis</span> <span class='ocrx_word' id='word_1_138' title='bbox 575 1591 740 1633; x_wconf 90' lang='lat' dir='ltr'>animos</span> <span class='ocrx_word' id='word_1_139' title='bbox 772 1591 995 1633; x_wconf 88' lang='lat' dir='ltr'>hominum</span> <span class='ocrx_word' id='word_1_140' title='bbox 1030 1592 1236 1633; x_wconf 84' lang='lat' dir='ltr'>frustrata</span> <span class='ocrx_word' id='word_1_141' title='bbox 1268 1597 1426 1633; x_wconf 87' lang='lat' dir='ltr'>tenere.</span> 
     </span>
     <span class='ocr_line' id='line_1_22' title="bbox 306 1660 1366 1717; baseline -0.001 -14"><span class='ocrx_word' id='word_1_142' title='bbox 306 1667 352 1703; x_wconf 90' lang='lat' dir='ltr'>et</span> <span class='ocrx_word' id='word_1_143' title='bbox 383 1660 643 1717; x_wconf 90' lang='lat' dir='ltr'>quicumque</span> <span class='ocrx_word' id='word_1_144' title='bbox 675 1661 767 1703; x_wconf 84' lang='lat' dir='ltr'>dies</span> <span class='ocrx_word' id='word_1_145' title='bbox 798 1661 958 1703; x_wconf 82' lang='lat' dir='ltr'>multos</span> <span class='ocrx_word' id='word_1_146' title='bbox 989 1676 1041 1703; x_wconf 85' lang='lat' dir='ltr'>ex</span> <span class='ocrx_word' id='word_1_147' title='bbox 1073 1661 1220 1703; x_wconf 88' lang='lat' dir='ltr'>ordine</span> <span class='ocrx_word' id='word_1_148' title='bbox 1253 1661 1366 1703; x_wconf 90' lang='lat' dir='ltr'>ludis</span> 
     </span>
     <span class='ocr_line' id='line_1_23' title="bbox 307 1729 1470 1786; baseline -0.002 -14"><span class='ocrx_word' id='word_1_149' title='bbox 307 1730 507 1772; x_wconf 84' lang='lat' dir='ltr'>adsiduas</span> <span class='ocrx_word' id='word_1_150' title='bbox 538 1730 752 1772; x_wconf 86' lang='lat' dir='ltr'>dederunt</span> <span class='ocrx_word' id='word_1_151' title='bbox 783 1745 944 1786; x_wconf 75' lang='lat' dir='ltr'>operas,</span> <span class='ocrx_word' id='word_1_152' title='bbox 975 1730 1229 1785; x_wconf 86' lang='lat' dir='ltr'>plerumque</span> <span class='ocrx_word' id='word_1_153' title='bbox 1262 1729 1470 1780; x_wconf 87' lang='lat' dir='ltr'>videmus,</span> 
     </span>
     <span class='ocr_line' id='line_1_24' title="bbox 306 1798 1799 1853; baseline -0.003 -11"><span class='ocrx_word' id='word_1_154' title='bbox 306 1815 405 1842; x_wconf 89' lang='lat' dir='ltr'>cum</span> <span class='ocrx_word' id='word_1_155' title='bbox 436 1800 524 1842; x_wconf 88' lang='lat' dir='ltr'>iam</span> <span class='ocrx_word' id='word_1_156' title='bbox 555 1799 820 1841; x_wconf 88' lang='lat' dir='ltr'>destiterunt</span> <span class='ocrx_word' id='word_1_157' title='bbox 853 1813 903 1840; x_wconf 84' lang='lat' dir='ltr'>ea</span> <span class='ocrx_word' id='word_1_158' title='bbox 935 1798 1132 1840; x_wconf 87' lang='lat' dir='ltr'>sensibus</span> <span class='ocrx_word' id='word_1_159' title='bbox 1163 1812 1381 1853; x_wconf 86' lang='lat' dir='ltr'>usurpare,</span> <span class='ocrx_word' id='word_1_160' title='bbox 1718 1808 1799 1852; x_wconf 86' lang='lat'>975</span> 
     </span>
     <span class='ocr_line' id='line_1_25' title="bbox 307 1867 1404 1923; baseline -0.002 -13"><span class='ocrx_word' id='word_1_161' title='bbox 307 1869 488 1911; x_wconf 88' lang='lat' dir='ltr'>relicuas</span> <span class='ocrx_word' id='word_1_162' title='bbox 521 1874 667 1910; x_wconf 85' lang='lat' dir='ltr'>tamen</span> <span class='ocrx_word' id='word_1_163' title='bbox 700 1883 791 1910; x_wconf 89' lang='lat' dir='ltr'>esse</span> <span class='ocrx_word' id='word_1_164' title='bbox 822 1868 914 1909; x_wconf 86' lang='lat' dir='ltr'>vias</span> <span class='ocrx_word' id='word_1_165' title='bbox 945 1867 987 1909; x_wconf 88' lang='lat' dir='ltr'>in</span> <span class='ocrx_word' id='word_1_166' title='bbox 1022 1873 1169 1909; x_wconf 87' lang='lat' dir='ltr'>mente</span> <span class='ocrx_word' id='word_1_167' title='bbox 1200 1868 1404 1923; x_wconf 85' lang='lat' dir='ltr'>patentis,</span> 
     </span>
     <span class='ocr_line' id='line_1_26' title="bbox 308 1937 1392 1995; baseline -0.002 -15"><span class='ocrx_word' id='word_1_168' title='bbox 308 1953 393 1995; x_wconf 88' lang='lat' dir='ltr'>qua</span> <span class='ocrx_word' id='word_1_169' title='bbox 424 1938 590 1994; x_wconf 85' lang='lat' dir='ltr'>possint</span> <span class='ocrx_word' id='word_1_170' title='bbox 621 1937 771 1980; x_wconf 86' lang='lat' dir='ltr'>eadem</span> <span class='ocrx_word' id='word_1_171' title='bbox 803 1952 946 1979; x_wconf 89' lang='lat' dir='ltr'>rerum</span> <span class='ocrx_word' id='word_1_172' title='bbox 978 1937 1206 1979; x_wconf 87' lang='lat' dir='ltr'>simulacra</span> <span class='ocrx_word' id='word_1_173' title='bbox 1235 1937 1392 1979; x_wconf 90' lang='lat' dir='ltr'>venire.</span> 
     </span>
     <span class='ocr_line' id='line_1_27' title="bbox 306 2007 1475 2065; baseline -0.002 -15"><span class='ocrx_word' id='word_1_174' title='bbox 306 2023 384 2065; x_wconf 88' lang='lat' dir='ltr'>per</span> <span class='ocrx_word' id='word_1_175' title='bbox 415 2008 573 2050; x_wconf 87' lang='lat' dir='ltr'>multos</span> <span class='ocrx_word' id='word_1_176' title='bbox 604 2008 751 2063; x_wconf 87' lang='lat' dir='ltr'>itaque</span> <span class='ocrx_word' id='word_1_177' title='bbox 783 2007 858 2048; x_wconf 90' lang='lat' dir='ltr'>illa</span> <span class='ocrx_word' id='word_1_178' title='bbox 888 2007 979 2049; x_wconf 91' lang='lat' dir='ltr'>dies</span> <span class='ocrx_word' id='word_1_179' title='bbox 1011 2007 1160 2048; x_wconf 82' lang='lat' dir='ltr'>eadem</span> <span class='ocrx_word' id='word_1_180' title='bbox 1193 2007 1475 2048; x_wconf 82' lang='lat' dir='ltr'>obversantur</span> 
     </span>
     <span class='ocr_line' id='line_1_28' title="bbox 306 2076 1367 2133; baseline -0.003 -13"><span class='ocrx_word' id='word_1_181' title='bbox 306 2084 408 2120; x_wconf 91' lang='lat' dir='ltr'>ante</span> <span class='ocrx_word' id='word_1_182' title='bbox 440 2077 596 2127; x_wconf 90' lang='lat' dir='ltr'>oculos,</span> <span class='ocrx_word' id='word_1_183' title='bbox 627 2077 759 2118; x_wconf 87' lang='lat' dir='ltr'>etiam</span> <span class='ocrx_word' id='word_1_184' title='bbox 792 2076 1023 2133; x_wconf 85' lang='lat' dir='ltr'>vigilantes</span> <span class='ocrx_word' id='word_1_185' title='bbox 1054 2082 1105 2117; x_wconf 91' lang='lat' dir='ltr'>ut</span> <span class='ocrx_word' id='word_1_186' title='bbox 1137 2076 1367 2117; x_wconf 83' lang='lat' dir='ltr'>videantur</span> 
     </span>
     <span class='ocr_line' id='line_1_29' title="bbox 307 2144 1805 2198; baseline -0.002 -8"><span class='ocrx_word' id='word_1_187' title='bbox 307 2161 478 2190; x_wconf 86' lang='lat' dir='ltr'>cernere</span> <span class='ocrx_word' id='word_1_188' title='bbox 511 2145 710 2188; x_wconf 86' lang='lat' dir='ltr'>saltantis</span> <span class='ocrx_word' id='word_1_189' title='bbox 745 2151 790 2186; x_wconf 91' lang='lat' dir='ltr'>et</span> <span class='ocrx_word' id='word_1_190' title='bbox 823 2145 968 2186; x_wconf 86' lang='lat' dir='ltr'>mollia</span> <span class='ocrx_word' id='word_1_191' title='bbox 998 2145 1192 2187; x_wconf 86' lang='lat' dir='ltr'>membra</span> <span class='ocrx_word' id='word_1_192' title='bbox 1222 2144 1435 2187; x_wconf 87' lang='lat' dir='ltr'>moventis</span> <span class='ocrx_word' id='word_1_193' title='bbox 1719 2147 1805 2198; x_wconf 86' lang='lat'>980</span> 
     </span>
     <span class='ocr_line' id='line_1_30' title="bbox 306 2213 1565 2271; baseline -0.003 -12"><span class='ocrx_word' id='word_1_194' title='bbox 306 2222 352 2259; x_wconf 89' lang='lat' dir='ltr'>et</span> <span class='ocrx_word' id='word_1_195' title='bbox 382 2216 573 2259; x_wconf 76' lang='lat' dir='ltr'>citharae</span> <span class='ocrx_word' id='word_1_196' title='bbox 604 2215 819 2271; x_wconf 89' lang='lat' dir='ltr'>liquidum</span> <span class='ocrx_word' id='word_1_197' title='bbox 852 2229 1024 2257; x_wconf 88' lang='lat' dir='ltr'>carmen</span> <span class='ocrx_word' id='word_1_198' title='bbox 1055 2214 1318 2270; x_wconf 88' lang='lat' dir='ltr'>chordasque</span> <span class='ocrx_word' id='word_1_199' title='bbox 1350 2213 1565 2270; x_wconf 87' lang='lat' dir='ltr'>loquentis</span> 
     </span>
     <span class='ocr_line' id='line_1_31' title="bbox 306 2282 1479 2340; baseline -0.003 -13"><span class='ocrx_word' id='word_1_200' title='bbox 306 2284 484 2328; x_wconf 88' lang='lat' dir='ltr'>auribus</span> <span class='ocrx_word' id='word_1_201' title='bbox 514 2283 707 2340; x_wconf 87' lang='lat' dir='ltr'>accipere</span> <span class='ocrx_word' id='word_1_202' title='bbox 738 2289 783 2325; x_wconf 93' lang='lat' dir='ltr'>et</span> <span class='ocrx_word' id='word_1_203' title='bbox 814 2297 1057 2324; x_wconf 86' lang='lat' dir='ltr'>consessum</span> <span class='ocrx_word' id='word_1_204' title='bbox 1090 2297 1261 2324; x_wconf 88' lang='lat' dir='ltr'>cernere</span> <span class='ocrx_word' id='word_1_205' title='bbox 1293 2282 1479 2325; x_wconf 90' lang='lat' dir='ltr'>eundem</span> 
     </span>
     <span class='ocr_line' id='line_1_32' title="bbox 307 2353 1333 2410; baseline -0.002 -13"><span class='ocrx_word' id='word_1_206' title='bbox 307 2354 535 2410; x_wconf 88' lang='lat' dir='ltr'>scenaique</span> <span class='ocrx_word' id='word_1_207' title='bbox 565 2353 694 2395; x_wconf 89' lang='lat' dir='ltr'>simul</span> <span class='ocrx_word' id='word_1_208' title='bbox 727 2353 864 2394; x_wconf 87' lang='lat' dir='ltr'>varios</span> <span class='ocrx_word' id='word_1_209' title='bbox 895 2353 1119 2409; x_wconf 90' lang='lat' dir='ltr'>splendere</span> <span class='ocrx_word' id='word_1_210' title='bbox 1150 2353 1333 2396; x_wconf 79' lang='lat' dir='ltr'>decores.</span> 
     </span>
    </p>
   </div>
   <div class='ocr_carea' id='block_1_3' title="bbox 189 2505 1805 2988">
    <p class='ocr_par' dir='ltr' id='par_1_3' title="bbox 189 2505 1804 2661">
     <span class='ocr_line' id='line_1_33' title="bbox 191 2505 1804 2551; baseline -0.002 -10"><span class='ocrx_word' id='word_1_211' title='bbox 191 2510 297 2551; x_wconf 86' lang='lat' dir='ltr'>Saepe</span> <span class='ocrx_word' id='word_1_212' title='bbox 314 2514 422 2541; x_wconf 83' lang='lat' dir='ltr'>tamae</span> <span class='ocrx_word' id='word_1_213' title='bbox 440 2509 515 2549; x_wconf 92' lang='lat' dir='ltr'>[not</span> <span class='ocrx_word' id='word_1_214' title='bbox 533 2508 638 2548; x_wconf 80' lang='lat' dir='ltr'>tama]</span> <span class='ocrx_word' id='word_1_215' title='bbox 653 2509 916 2540; x_wconf 77' lang='lat' dir='ltr'>summittuntur.</span> <span class='ocrx_word' id='word_1_216' title='bbox 963 2507 1073 2539; x_wconf 79' lang='lat' dir='ltr'>Tama</span> <span class='ocrx_word' id='word_1_217' title='bbox 1090 2506 1173 2546; x_wconf 87' lang='lat' dir='ltr'>quid</span> <span class='ocrx_word' id='word_1_218' title='bbox 1190 2506 1236 2538; x_wconf 85' lang='lat' dir='ltr'>sit</span> <span class='ocrx_word' id='word_1_219' title='bbox 1252 2506 1349 2538; x_wconf 87' lang='lat' dir='ltr'>docet</span> <span class='ocrx_word' id='word_1_220' title='bbox 1371 2506 1508 2544; x_wconf 80' lang='lat' dir='ltr'>Festus,</span> <span class='ocrx_word' id='word_1_221' title='bbox 1526 2505 1708 2538; x_wconf 79' lang='lat' dir='ltr'>cubantem</span> <span class='ocrx_word' id='word_1_222' title='bbox 1725 2515 1804 2537; x_wconf 89' lang='lat' dir='ltr'>vero</span> 
     </span>
     <span class='ocr_line' id='line_1_34' title="bbox 189 2561 1804 2604; baseline -0.002 -7"><span class='ocrx_word' id='word_1_223' title='bbox 189 2567 323 2598; x_wconf 78' lang='lat' dir='ltr'>tamam</span> <span class='ocrx_word' id='word_1_224' title='bbox 347 2563 434 2596; x_wconf 83' lang='lat' dir='ltr'>dixit</span> <span class='ocrx_word' id='word_1_225' title='bbox 454 2563 546 2604; x_wconf 88' lang='lat' dir='ltr'>quod</span> <span class='ocrx_word' id='word_1_226' title='bbox 567 2563 726 2595; x_wconf 84' lang='lat' dir='ltr'>deorsum</span> <span class='ocrx_word' id='word_1_227' title='bbox 748 2563 792 2595; x_wconf 85' lang='lat' dir='ltr'>ad</span> <span class='ocrx_word' id='word_1_228' title='bbox 815 2562 920 2603; x_wconf 84' lang='lat' dir='ltr'>pedes</span> <span class='ocrx_word' id='word_1_229' title='bbox 940 2562 1073 2594; x_wconf 87' lang='lat' dir='ltr'>tendat.</span> <span class='ocrx_word' id='word_1_230' title='bbox 1097 2562 1145 2593; x_wconf 88' lang='lat' dir='ltr'>sic</span> <span class='ocrx_word' id='word_1_231' title='bbox 1167 2561 1259 2594; x_wconf 88' lang='lat' dir='ltr'>infra</span> <span class='ocrx_word' id='word_1_232' title='bbox 1274 2563 1435 2593; x_wconf 74' lang='lat' dir='ltr'>cubantia</span> <span class='ocrx_word' id='word_1_233' title='bbox 1453 2567 1551 2594; x_wconf 81' lang='lat' dir='ltr'>tecta.</span> <span class='ocrx_word' id='word_1_234' title='bbox 1597 2561 1694 2594; x_wconf 85' lang='lat' dir='ltr'>Idem</span> <span class='ocrx_word' id='word_1_235' title='bbox 1710 2571 1804 2594; x_wconf 87' lang='lat' dir='ltr'>error</span> 
     </span>
     <span class='ocr_line' id='line_1_35' title="bbox 190 2615 1636 2661; baseline -0.003 -9"><span class='ocrx_word' id='word_1_236' title='bbox 190 2619 284 2661; x_wconf 82' lang='lat' dir='ltr'>apud</span> <span class='ocrx_word' id='word_1_237' title='bbox 298 2618 453 2651; x_wconf 83' lang='lat' dir='ltr'>Nonium</span> <span class='ocrx_word' id='word_1_238' title='bbox 469 2617 507 2649; x_wconf 87' lang='lat' dir='ltr'>in</span> <span class='ocrx_word' id='word_1_239' title='bbox 522 2627 622 2649; x_wconf 89' lang='lat' dir='ltr'>versu</span> <span class='ocrx_word' id='word_1_240' title='bbox 638 2617 764 2649; x_wconf 78' lang='lat' dir='ltr'>Lucilii</span> <span class='ocrx_word' id='word_1_241' title='bbox 780 2617 818 2648; x_wconf 90' lang='lat' dir='ltr'>in</span> <span class='ocrx_word' id='word_1_242' title='bbox 834 2627 915 2649; x_wconf 87' lang='lat' dir='ltr'>voce</span> <span class='ocrx_word' id='word_1_243' title='bbox 932 2618 1076 2657; x_wconf 81' lang='lat' dir='ltr'>differre,</span> <span class='ocrx_word' id='word_1_244' title='bbox 1094 2615 1153 2647; x_wconf 89' lang='lat' dir='ltr'>ubi</span> <span class='ocrx_word' id='word_1_245' title='bbox 1167 2626 1230 2657; x_wconf 90' lang='lat' dir='ltr'>pro</span> <span class='ocrx_word' id='word_1_246' title='bbox 1247 2621 1339 2648; x_wconf 84' lang='lat' dir='ltr'>tama</span> <span class='ocrx_word' id='word_1_247' title='bbox 1356 2616 1480 2656; x_wconf 83' lang='lat' dir='ltr'>legitur</span> <span class='ocrx_word' id='word_1_248' title='bbox 1497 2621 1605 2648; x_wconf 77' lang='lat' dir='ltr'>tamen</span> <span class='ocrx_word' id='word_1_249' title='bbox 1617 2616 1636 2647; x_wconf 94' lang='lat'>’.</span> 
     </span>
    </p>

    <p class='ocr_par' dir='ltr' id='par_1_4' title="bbox 189 2669 1805 2988">
     <span class='ocr_line' id='line_1_36' title="bbox 234 2669 1803 2716; baseline -0.004 -9"><span class='ocrx_word' id='word_1_250' title='bbox 234 2675 298 2710; x_wconf 85' lang='lat'>959</span> <span class='ocrx_word' id='word_1_251' title='bbox 308 2675 438 2716; x_wconf 78' lang='lat' dir='ltr'>partim</span> <span class='ocrx_word' id='word_1_252' title='bbox 453 2672 559 2705; x_wconf 86' lang='lat' dir='ltr'>Lach.</span> <span class='ocrx_word' id='word_1_253' title='bbox 577 2672 630 2704; x_wconf 86' lang='lat' dir='ltr'>for</span> <span class='ocrx_word' id='word_1_254' title='bbox 643 2678 757 2713; x_wconf 82' lang='lat' dir='ltr'>parte:</span> <span class='ocrx_word' id='word_1_255' title='bbox 782 2681 893 2713; x_wconf 84' lang='lat' dir='ltr'>comp.</span> <span class='ocrx_word' id='word_1_256' title='bbox 912 2673 984 2705; x_wconf 81' lang='lat'>918.</span> <span class='ocrx_word' id='word_1_257' title='bbox 1026 2681 1127 2712; x_wconf 76' lang='lat' dir='ltr'>porro</span> <span class='ocrx_word' id='word_1_258' title='bbox 1143 2671 1229 2703; x_wconf 82' lang='lat' dir='ltr'>Mar.</span> <span class='ocrx_word' id='word_1_259' title='bbox 1249 2671 1324 2703; x_wconf 81' lang='lat' dir='ltr'>AJd.</span> <span class='ocrx_word' id='word_1_260' title='bbox 1346 2671 1364 2702; x_wconf 91' lang='lat'>1</span> <span class='ocrx_word' id='word_1_261' title='bbox 1380 2671 1479 2703; x_wconf 79' lang='lat' dir='ltr'>Junt.</span> <span class='ocrx_word' id='word_1_262' title='bbox 1496 2671 1587 2710; x_wconf 87' lang='lat' dir='ltr'>vulg.</span> <span class='ocrx_word' id='word_1_263' title='bbox 1740 2669 1803 2702; x_wconf 88' lang='grc'>961</span> 
     </span>
     <span class='ocr_line' id='line_1_37' title="bbox 190 2724 1804 2768; baseline -0.005 -4"><span class='ocrx_word' id='word_1_264' title='bbox 190 2733 229 2764; x_wconf 85' lang='lat' dir='ltr'>in</span> <span class='ocrx_word' id='word_1_265' title='bbox 249 2735 311 2763; x_wconf 80' lang='lat' dir='ltr'>test</span> <span class='ocrx_word' id='word_1_266' title='bbox 330 2729 395 2762; x_wconf 88' lang='lat' dir='ltr'>Ed.</span> <span class='ocrx_word' id='word_1_267' title='bbox 413 2729 466 2761; x_wconf 81' lang='lat' dir='ltr'>for</span> <span class='ocrx_word' id='word_1_268' title='bbox 481 2730 593 2760; x_wconf 78' lang='lat' dir='ltr'>intus:</span> <span class='ocrx_word' id='word_1_269' title='bbox 617 2737 653 2759; x_wconf 83' lang='lat' dir='ltr'>VI</span> <span class='ocrx_word' id='word_1_270' title='bbox 670 2727 733 2760; x_wconf 86' lang='lat'>674</span> <span class='ocrx_word' id='word_1_271' title='bbox 755 2729 814 2768; x_wconf 80' lang='lat' dir='ltr'>qui</span> <span class='ocrx_word' id='word_1_272' title='bbox 835 2729 940 2759; x_wconf 77' lang='lat' dir='ltr'>viisus</span> <span class='ocrx_word' id='word_1_273' title='bbox 962 2737 1044 2757; x_wconf 88' lang='lat' dir='ltr'>mss.</span> <span class='ocrx_word' id='word_1_274' title='bbox 1062 2726 1115 2757; x_wconf 86' lang='lat' dir='ltr'>for</span> <span class='ocrx_word' id='word_1_275' title='bbox 1131 2727 1241 2766; x_wconf 76' lang='lat' dir='ltr'>quivis</span> <span class='ocrx_word' id='word_1_276' title='bbox 1259 2731 1322 2758; x_wconf 85' lang='lat' dir='ltr'>est:</span> <span class='ocrx_word' id='word_1_277' title='bbox 1347 2735 1459 2766; x_wconf 87' lang='lat' dir='ltr'>comp.</span> <span class='ocrx_word' id='word_1_278' title='bbox 1477 2725 1541 2758; x_wconf 89' lang='grc'>916</span> <span class='ocrx_word' id='word_1_279' title='bbox 1556 2725 1625 2758; x_wconf 83' lang='lat' dir='ltr'>and</span> <span class='ocrx_word' id='word_1_280' title='bbox 1642 2724 1716 2762; x_wconf 84' lang='lat'>946,</span> <span class='ocrx_word' id='word_1_281' title='bbox 1734 2724 1804 2757; x_wconf 86' lang='lat' dir='ltr'>and</span> 
     </span>
     <span class='ocr_line' id='line_1_38' title="bbox 189 2772 1802 2826; baseline -0.005 -8"><span class='ocrx_word' id='word_1_282' title='bbox 189 2786 306 2826; x_wconf 80' lang='lat' dir='ltr'>capias</span> <span class='ocrx_word' id='word_1_283' title='bbox 320 2784 357 2816; x_wconf 85' lang='lat' dir='ltr'>in</span> <span class='ocrx_word' id='word_1_284' title='bbox 374 2784 449 2817; x_wconf 89' lang='grc'>957.</span> <span class='ocrx_word' id='word_1_285' title='bbox 477 2772 483 2776; x_wconf 53' lang='grc'><strong>’</strong></span> <span class='ocrx_word' id='word_1_286' title='bbox 498 2788 594 2815; x_wconf 83' lang='lat' dir='ltr'>actus</span> <span class='ocrx_word' id='word_1_287' title='bbox 608 2781 715 2814; x_wconf 85' lang='lat' dir='ltr'>Lach.</span> <span class='ocrx_word' id='word_1_288' title='bbox 885 2781 949 2814; x_wconf 82' lang='lat'>962</span> <span class='ocrx_word' id='word_1_289' title='bbox 965 2781 1259 2822; x_wconf 80' lang='lat' dir='ltr'>quo...devinctus.</span> <span class='ocrx_word' id='word_1_290' title='bbox 1305 2780 1591 2821; x_wconf 76' lang='lat' dir='ltr'>quo...defunetus</span> <span class='ocrx_word' id='word_1_291' title='bbox 1607 2779 1701 2811; x_wconf 89' lang='lat' dir='ltr'>Mon.</span> <span class='ocrx_word' id='word_1_292' title='bbox 1718 2779 1802 2811; x_wconf 87' lang='lat' dir='ltr'>Ven.</span> 
     </span>
     <span class='ocr_line' id='line_1_39' title="bbox 190 2835 1805 2880; baseline -0.004 -7"><span class='ocrx_word' id='word_1_293' title='bbox 190 2840 264 2873; x_wconf 87' lang='lat' dir='ltr'>Ald.</span> <span class='ocrx_word' id='word_1_294' title='bbox 295 2840 313 2871; x_wconf 95' lang='lat'>1</span> <span class='ocrx_word' id='word_1_295' title='bbox 337 2840 436 2872; x_wconf 80' lang='lat' dir='ltr'>Junt.</span> <span class='ocrx_word' id='word_1_296' title='bbox 482 2839 779 2880; x_wconf 76' lang='lat' dir='ltr'>quoi...devinctus</span> <span class='ocrx_word' id='word_1_297' title='bbox 803 2837 926 2869; x_wconf 84' lang='lat' dir='ltr'>Lamb.</span> <span class='ocrx_word' id='word_1_298' title='bbox 949 2837 1096 2868; x_wconf 84' lang='lat' dir='ltr'>without</span> <span class='ocrx_word' id='word_1_299' title='bbox 1119 2846 1251 2868; x_wconf 82' lang='lat' dir='ltr'>reason.</span> <span class='ocrx_word' id='word_1_300' title='bbox 1430 2835 1493 2869; x_wconf 88' lang='grc'>964</span> <span class='ocrx_word' id='word_1_301' title='bbox 1515 2836 1554 2866; x_wconf 82' lang='lat' dir='ltr'>in</span> <span class='ocrx_word' id='word_1_302' title='bbox 1576 2845 1628 2867; x_wconf 86' lang='lat' dir='ltr'>ea.</span> <span class='ocrx_word' id='word_1_303' title='bbox 1673 2836 1713 2866; x_wconf 81' lang='grc' dir='ltr'>’ἱη</span> <span class='ocrx_word' id='word_1_304' title='bbox 1737 2845 1805 2875; x_wconf 83' lang='lat' dir='ltr'>qua</span> 
     </span>
     <span class='ocr_line' id='line_1_40' title="bbox 191 2890 1805 2934; baseline -0.005 -6"><span class='ocrx_word' id='word_1_305' title='bbox 191 2895 275 2928; x_wconf 84' lang='lat' dir='ltr'>Mar.</span> <span class='ocrx_word' id='word_1_306' title='bbox 296 2894 394 2927; x_wconf 83' lang='lat' dir='ltr'>Junt.</span> <span class='ocrx_word' id='word_1_307' title='bbox 411 2893 502 2934; x_wconf 82' lang='lat' dir='ltr'>vulg.</span> <span class='ocrx_word' id='word_1_308' title='bbox 521 2893 685 2933; x_wconf 85' lang='lat' dir='ltr'>wrongly.</span> <span class='ocrx_word' id='word_1_309' title='bbox 855 2892 919 2926; x_wconf 87' lang='lat'>968</span> <span class='ocrx_word' id='word_1_310' title='bbox 936 2893 1061 2932; x_wconf 73' lang='lat' dir='ltr'>deyere.</span> <span class='ocrx_word' id='word_1_311' title='bbox 1106 2901 1237 2923; x_wconf 82' lang='lat' dir='ltr'>cernere</span> <span class='ocrx_word' id='word_1_312' title='bbox 1254 2890 1374 2922; x_wconf 86' lang='lat' dir='ltr'>Lamb.</span> <span class='ocrx_word' id='word_1_313' title='bbox 1545 2890 1609 2922; x_wconf 83' lang='lat'>982</span> <span class='ocrx_word' id='word_1_314' title='bbox 1624 2899 1805 2922; x_wconf 82' lang='lat' dir='ltr'>consessum</span> 
     </span>
     <span class='ocr_line' id='line_1_41' title="bbox 190 2943 1804 2988; baseline -0.004 -6"><span class='ocrx_word' id='word_1_315' title='bbox 190 2950 277 2983; x_wconf 86' lang='lat' dir='ltr'>Mar.</span> <span class='ocrx_word' id='word_1_316' title='bbox 297 2950 395 2982; x_wconf 81' lang='lat' dir='ltr'>Junt.</span> <span class='ocrx_word' id='word_1_317' title='bbox 413 2949 467 2981; x_wconf 84' lang='lat' dir='ltr'>for</span> <span class='ocrx_word' id='word_1_318' title='bbox 481 2958 680 2981; x_wconf 81' lang='lat' dir='ltr'>consensum.</span> <span class='ocrx_word' id='word_1_319' title='bbox 916 2948 979 2980; x_wconf 87' lang='grc'>983</span> <span class='ocrx_word' id='word_1_320' title='bbox 996 2947 1183 2986; x_wconf 81' lang='lat' dir='ltr'>Scenaique</span> <span class='ocrx_word' id='word_1_321' title='bbox 1198 2945 1292 2977; x_wconf 82' lang='lat' dir='ltr'>Brix.</span> <span class='ocrx_word' id='word_1_322' title='bbox 1312 2945 1364 2988; x_wconf 69' lang='lat'>(5³),</span> <span class='ocrx_word' id='word_1_323' title='bbox 1384 2945 1486 2977; x_wconf 90' lang='lat' dir='ltr'>Pont.</span> <span class='ocrx_word' id='word_1_324' title='bbox 1503 2944 1579 2978; x_wconf 86' lang='lat' dir='ltr'>Ald.</span> <span class='ocrx_word' id='word_1_325' title='bbox 1600 2944 1618 2976; x_wconf 90' lang='lat'>1</span> <span class='ocrx_word' id='word_1_326' title='bbox 1635 2943 1734 2977; x_wconf 81' lang='lat' dir='ltr'>Junt.</span> <span class='ocrx_word' id='word_1_327' title='bbox 1750 2943 1804 2976; x_wconf 78' lang='lat' dir='ltr'>for</span> 
     </span>
    </p>
   </div>
  </div>
 </body>
</html>
