1997 3267
155 197 169 225 1
181 195 232 225 22
921 181 994 222 ΠΙ

262 289 433 346 integit,
463 294 508 331 et
539 289 655 345 large
687 288 842 330 diffuso
874 287 1036 329 lumine
1067 286 1220 329 rident.

262 358 406 400 omnia
435 357 686 413 suppeditat
716 371 840 412 porro
870 361 1028 398 natura
1057 371 1197 411 neque
1229 355 1318 397 ulla

260 441 327 468 res
357 426 491 468 animi
520 441 670 482 pacem
701 425 864 467 delibat
895 430 1087 480 tempore
1118 425 1163 465 in
1194 425 1292 466 ullo.

264 501 310 538 at
341 501 489 537 contra
519 510 732 551 nusquam
765 500 974 550 apparent
1005 495 1244 536 Acherusia
1275 494 1440 549 templa
1703 503 1750 546 25

262 579 341 606 nec
372 564 503 606 tellus
534 564 679 605 obstat
713 563 820 619 quin
850 563 994 605 omnia
1024 563 1318 619 dispiciantur,

262 633 343 674 sub
374 633 556 688 pedibus
587 647 882 688 quaecumque
914 633 1025 674 infra
1054 648 1130 688 per
1160 632 1288 674 inane
1319 638 1538 688 geruntur.

264 702 330 743 his
361 701 423 743 ibi
454 716 522 742 me
553 701 682 743 rebus
713 701 923 757 quaedam
956 701 1103 743 divina
1132 702 1331 757 voluptas

260 770 445 827 percipit
476 770 615 826 adque
647 769 805 819 horror,
837 770 950 825 quod
980 770 1040 812 sic
1071 775 1226 812 natura
1257 775 1334 811 tua
1365 770 1408 810 vi

260 845 351 881 tam
382 839 612 880 manifesta
642 844 795 894 patens
826 854 878 880 ex
910 839 1026 880 omni
1056 845 1178 895 parte
1210 844 1374 881 retecta
1405 844 1480 880 est.
1701 850 1756 892 30

319 910 377 950 Et
409 907 610 964 quoniam
642 908 779 957 docui,
810 914 1063 949 cunctarum
1095 908 1268 949 exordia
1299 922 1442 949 rerum

259 975 405 1031 qualia
434 975 521 1016 sint
552 982 597 1016 et
627 989 757 1030 quam
790 974 919 1016 variis
949 975 1157 1017 distantia
1188 975 1335 1017 formis

260 1050 412 1100 sponte
442 1059 520 1086 sua
549 1044 733 1086 volitent
763 1050 938 1086 aeterno
969 1044 1132 1100 percita
1162 1050 1283 1086 motu

260 1129 397 1169 quove
428 1114 553 1155 modo
583 1114 748 1169 possint
779 1129 846 1155 res
877 1129 928 1155 ex
960 1114 1027 1155 his
1058 1129 1253 1169 quaeque
1286 1113 1434 1164 creari,

260 1183 384 1224 hasce
414 1183 649 1224 secundum
681 1197 748 1224 res
777 1183 912 1224 animi
941 1189 1098 1224 natura
1129 1183 1301 1224 videtur
1700 1193 1749 1238 35

259 1263 389 1313 atque
420 1257 589 1298 animae
621 1257 819 1299 claranda
850 1257 957 1299 meis
988 1257 1073 1298 iam
1107 1257 1298 1299 versibus
1329 1271 1419 1299 esse

258 1332 303 1368 et
333 1332 476 1368 metus
507 1326 578 1368 ille
610 1326 720 1367 foras
751 1341 954 1382 praeceps
985 1326 1247 1368 Acheruntis
1277 1327 1479 1382 agendus,

259 1395 455 1437 funditus
487 1395 720 1435 humanam
753 1395 827 1450 qui
858 1395 993 1436 vitam
1025 1395 1174 1437 turbat
1205 1395 1259 1437 ab
1289 1395 1376 1436 imo

259 1464 404 1506 omnia
435 1464 686 1505 suffundens
718 1464 867 1505 mortis
897 1464 1065 1520 nigrore
1096 1479 1235 1519 neque
1269 1464 1403 1505 ullam

258 1548 349 1575 esse
380 1533 648 1588 voluptatem
681 1533 889 1588 liquidam
920 1548 1159 1589 puramque
1189 1533 1406 1589 relinquit.
1691 1546 1750 1587 40

255 1617 357 1644 nam
388 1602 503 1658 quod
534 1617 658 1657 saepe
690 1602 884 1643 homines
914 1602 1081 1643 morbos
1113 1603 1249 1658 magis
1281 1617 1370 1644 esse
1403 1602 1616 1645 timendos

258 1670 551 1726 infamemque
584 1671 728 1712 ferunt
760 1671 895 1712 vitam
926 1686 1055 1726 quam
1087 1671 1266 1712 Tartara
1296 1671 1374 1712 leti

259 1746 303 1781 et
335 1754 379 1781 se
411 1739 516 1780 scire
548 1739 718 1780 animae
749 1745 950 1780 naturam
983 1739 1204 1796 sanguinis
1236 1755 1326 1781 esse

170 1811 227 1860 46
258 1814 334 1850 aut
365 1808 497 1850 etiam
529 1808 660 1857 venti,
691 1808 727 1850 si
758 1809 841 1850 fert
872 1808 936 1850 ita
967 1809 1075 1850 forte
1107 1808 1318 1859 voluntas,

169 1891 227 1930 44
256 1892 333 1920 nec
362 1893 534 1934 prosum
566 1878 797 1934 quicquam
826 1883 996 1919 nostrae
1027 1877 1204 1919 rationis
1235 1893 1370 1935 egere,
1691 1890 1746 1934 45

258 1947 356 1988 hinc
387 1947 488 1988 licet
518 1946 717 1988 advertas
748 1946 941 1987 animum
973 1947 1111 2003 magis
1141 1947 1285 1988 omnia
1315 1947 1455 1989 laudis

169 2027 224 2070 47
258 2016 406 2057 iactari
437 2031 564 2057 causa
594 2030 725 2071 quam
758 2015 872 2071 quod
903 2030 970 2057 res
1000 2015 1094 2071 ipsa
1124 2015 1341 2071 probetur.

257 2091 445 2128 extorres
474 2085 589 2127 idem
620 2085 761 2141 patria
791 2085 1001 2141 longeque
1032 2085 1171 2140 fugati

258 2160 487 2210 conspectu
519 2170 570 2196 ex
603 2154 839 2203 hominum,
870 2154 1028 2195 foedati
1060 2153 1238 2195 crimine
1270 2154 1401 2209 turpi,

258 2224 457 2265 omnibus
487 2224 704 2266 aerumnis
734 2223 894 2265 adfecti
924 2223 1110 2279 denique
1142 2223 1307 2272 vivunt,

257 2298 302 2334 et
333 2307 603 2349 quocumque
633 2299 780 2335 tamen
811 2293 956 2334 miseri
987 2307 1139 2334 venere
1171 2297 1402 2348 parentant

259 2367 303 2403 et
332 2362 477 2417 nigras
509 2368 702 2404 mactant
733 2362 917 2418 pecudes
948 2367 992 2403 et
1023 2360 1213 2403 manibu’
1247 2361 1358 2403 divis

257 2429 430 2471 inferias
460 2430 645 2472 mittunt
676 2431 898 2505 multoque
928 2430 974 2471 in
1004 2430 1132 2471 rebus
1162 2430 1325 2471 acerbis

257 2498 395 2540 aelius
426 2498 658 2540 advertunt
688 2499 852 2540 animos
883 2498 937 2540 ad
966 2498 1227 2555 religionem.

258 2582 342 2623 quo
372 2568 509 2624 magis
538 2568 585 2609 in
615 2568 757 2610 dubiis
787 2568 1006 2609 hominem
1036 2573 1229 2623 spectare
1259 2567 1430 2643 periclis
1695 2578 1745 2623 55

259 2637 457 2678 convenit
487 2636 761 2692 adversisque
792 2637 837 2678 in
868 2637 995 2677 rebus
1025 2651 1197 2677 noscere
1229 2635 1304 2691 qui
1334 2636 1416 2688 sit3

257 2720 358 2746 nam
389 2719 512 2747 verae
543 2720 666 2747 voces
695 2712 790 2747 tum
820 2706 995 2747 demum
1026 2711 1197 2760 pectore
1227 2705 1282 2746 ab
1313 2705 1400 2746 imo

146 2823 303 2862 founded,
319 2824 406 2856 have
420 2826 458 2856 in
472 2826 611 2855 nubibus
628 2824 711 2856 with
727 2825 747 2855 3
763 2824 838 2857 Vat.
1005 2825 1045 2854 22
1061 2824 1174 2855 rident
1189 2824 1296 2856 Lach.
1313 2824 1367 2856 for
1382 2825 1483 2855 ridet.
1642 2825 1684 2856 28
1700 2825 1750 2857 ibi

146 2877 243 2911 Pont.
272 2878 422 2910 Gronov.
445 2877 543 2911 Wak.
570 2878 623 2909 for
647 2879 716 2909 ubi.
763 2880 826 2909 tibi
850 2878 936 2909 Mar.
960 2877 1059 2910 Junt.
1261 2879 1302 2911 29
1324 2880 1373 2910 sic
1395 2883 1520 2909 natura
1541 2877 1668 2910 Avanc.
1694 2879 1748 2911 for

145 2933 331 2972 siqnatura.
463 2933 505 2963 33
527 2936 660 2965 aeterno
682 2932 796 2964 Bentl.
821 2933 872 2964 for
894 2934 1033 2965 alterno.
1203 2931 1246 2963 44
1272 2931 1338 2973 (46)
1361 2931 1436 2964 first
1457 2930 1577 2973 placed
1599 2932 1679 2964 here
1702 2933 1748 2974 by
