<?xml version="1.0" encoding="UTF-8"?>
<!DOCTYPE html PUBLIC "-//W3C//DTD XHTML 1.0 Transitional//EN"
    "http://www.w3.org/TR/xhtml1/DTD/xhtml1-transitional.dtd">
<html xmlns="http://www.w3.org/1999/xhtml" xml:lang="en" lang="en">
 <head>
  <title>
</title>
<meta http-equiv="Content-Type" content="text/html;charset=utf-8" />
  <meta name='ocr-system' content='tesseract 3.04.00' />
  <meta name='ocr-capabilities' content='ocr_page ocr_carea ocr_par ocr_line ocrx_word'/>
</head>
<body>
  <div class='ocr_page' id='page_1' title='image "./lucreticariderer01lucruoft_0312.png"; bbox 0 0 1997 3267; ppageno 0'>
   <div class='ocr_carea' id='block_1_1' title="bbox 285 217 1108 272">
    <p class='ocr_par' dir='ltr' id='par_1_1' title="bbox 285 217 1108 272">
     <span class='ocr_line' id='line_1_1' title="bbox 285 217 1108 272; baseline -0.001 -13"><span class='ocrx_word' id='word_1_1' title='bbox 285 219 369 272; x_wconf 85' lang='lat'>296</span> <span class='ocrx_word' id='word_1_2' title='bbox 1043 217 1108 258; x_wconf 93' lang='lat' dir='ltr'>VI</span> 
     </span>
    </p>
   </div>
   <div class='ocr_carea' id='block_1_2' title="bbox 422 331 1879 1278">
    <p class='ocr_par' dir='ltr' id='par_1_2' title="bbox 424 331 1521 387">
     <span class='ocr_line' id='line_1_2' title="bbox 424 331 1521 387; baseline -0.001 -14"><span class='ocrx_word' id='word_1_3' title='bbox 424 331 666 387; x_wconf 85' lang='lat' dir='ltr'>corporibus</span> <span class='ocrx_word' id='word_1_4' title='bbox 696 347 806 373; x_wconf 85' lang='lat' dir='ltr'>mors</span> <span class='ocrx_word' id='word_1_5' title='bbox 837 331 1044 373; x_wconf 84' lang='lat' dir='ltr'>exanimis</span> <span class='ocrx_word' id='word_1_6' title='bbox 1074 337 1332 387; x_wconf 86' lang='lat' dir='ltr'>onerataque</span> <span class='ocrx_word' id='word_1_7' title='bbox 1363 331 1521 387; x_wconf 86' lang='lat' dir='ltr'>passim</span> 
     </span>
    </p>

    <p class='ocr_par' dir='ltr' id='par_1_3' title="bbox 425 399 1876 590">
     <span class='ocr_line' id='line_1_3' title="bbox 425 399 1618 455; baseline 0.001 -14"><span class='ocrx_word' id='word_1_8' title='bbox 425 406 580 442; x_wconf 90' lang='lat' dir='ltr'>cuncta</span> <span class='ocrx_word' id='word_1_9' title='bbox 609 400 884 441; x_wconf 87' lang='lat' dir='ltr'>cadaveribus</span> <span class='ocrx_word' id='word_1_10' title='bbox 922 399 1152 441; x_wconf 87' lang='lat' dir='ltr'>caelestum</span> <span class='ocrx_word' id='word_1_11' title='bbox 1183 400 1346 455; x_wconf 84' lang='lat' dir='ltr'>templa</span> <span class='ocrx_word' id='word_1_12' title='bbox 1376 400 1618 450; x_wconf 78' lang='lat' dir='ltr'>manebant,</span> 
     </span>
     <span class='ocr_line' id='line_1_4' title="bbox 426 462 1876 522; baseline -0.001 -14"><span class='ocrx_word' id='word_1_13' title='bbox 426 466 668 521; x_wconf 71' lang='lat' dir='ltr'>hospitibus</span> <span class='ocrx_word' id='word_1_14' title='bbox 697 467 788 508; x_wconf 86' lang='lat' dir='ltr'>loca</span> <span class='ocrx_word' id='word_1_15' title='bbox 819 481 926 522; x_wconf 85' lang='lat' dir='ltr'>quae</span> <span class='ocrx_word' id='word_1_16' title='bbox 958 467 1221 521; x_wconf 67' lang='lat' dir='ltr'>complerant</span> <span class='ocrx_word' id='word_1_17' title='bbox 1252 462 1532 508; x_wconf 84' lang='lat' dir='ltr'>aedituentes.</span> <span class='ocrx_word' id='word_1_18' title='bbox 1772 475 1876 520; x_wconf 87' lang='lat'>1275</span> 
     </span>
     <span class='ocr_line' id='line_1_5' title="bbox 426 533 1469 590; baseline -0.001 -15"><span class='ocrx_word' id='word_1_19' title='bbox 426 539 504 576; x_wconf 86' lang='lat' dir='ltr'>nec</span> <span class='ocrx_word' id='word_1_20' title='bbox 533 535 619 575; x_wconf 87' lang='lat' dir='ltr'>iarn</span> <span class='ocrx_word' id='word_1_21' title='bbox 651 535 800 590; x_wconf 86' lang='lat' dir='ltr'>religio</span> <span class='ocrx_word' id='word_1_22' title='bbox 831 533 974 576; x_wconf 88' lang='lat' dir='ltr'>divom</span> <span class='ocrx_word' id='word_1_23' title='bbox 1005 549 1084 576; x_wconf 91' lang='lat' dir='ltr'>nec</span> <span class='ocrx_word' id='word_1_24' title='bbox 1115 535 1293 575; x_wconf 83' lang='lat' dir='ltr'>numina</span> <span class='ocrx_word' id='word_1_25' title='bbox 1323 534 1469 590; x_wconf 85' lang='lat' dir='ltr'>magni</span> 
     </span>
    </p>

    <p class='ocr_par' dir='ltr' id='par_1_4' title="bbox 428 603 1613 659">
     <span class='ocr_line' id='line_1_6' title="bbox 428 603 1613 659; baseline 0.001 -15"><span class='ocrx_word' id='word_1_26' title='bbox 428 603 729 659; x_wconf 72' lang='lat' dir='ltr'>pendebantur</span> <span class='ocrx_word' id='word_1_27' title='bbox 761 603 898 644; x_wconf 89' lang='lat' dir='ltr'>enim:</span> <span class='ocrx_word' id='word_1_28' title='bbox 939 618 1139 658; x_wconf 81' lang='lat' dir='ltr'>praesens</span> <span class='ocrx_word' id='word_1_29' title='bbox 1171 603 1288 644; x_wconf 90' lang='lat' dir='ltr'>dolor</span> <span class='ocrx_word' id='word_1_30' title='bbox 1318 603 1613 658; x_wconf 82' lang='lat' dir='ltr'>exsuperabat.</span> 
     </span>
    </p>

    <p class='ocr_par' dir='ltr' id='par_1_5' title="bbox 426 672 1510 728">
     <span class='ocr_line' id='line_1_7' title="bbox 426 672 1510 728; baseline 0 -14"><span class='ocrx_word' id='word_1_31' title='bbox 426 687 506 714; x_wconf 89' lang='lat' dir='ltr'>nec</span> <span class='ocrx_word' id='word_1_32' title='bbox 536 687 627 714; x_wconf 90' lang='lat' dir='ltr'>mos</span> <span class='ocrx_word' id='word_1_33' title='bbox 657 672 728 714; x_wconf 88' lang='lat' dir='ltr'>ille</span> <span class='ocrx_word' id='word_1_34' title='bbox 760 673 1006 728; x_wconf 86' lang='lat' dir='ltr'>sepulturae</span> <span class='ocrx_word' id='word_1_35' title='bbox 1036 672 1287 713; x_wconf 86' lang='lat' dir='ltr'>remanebat</span> <span class='ocrx_word' id='word_1_36' title='bbox 1318 672 1362 713; x_wconf 86' lang='lat' dir='ltr'>in</span> <span class='ocrx_word' id='word_1_37' title='bbox 1393 673 1510 722; x_wconf 89' lang='lat' dir='ltr'>urbe,</span> 
     </span>
    </p>

    <p class='ocr_par' dir='ltr' id='par_1_6' title="bbox 423 739 1879 1002">
     <span class='ocr_line' id='line_1_8' title="bbox 425 739 1627 796; baseline -0.001 -15"><span class='ocrx_word' id='word_1_38' title='bbox 425 755 510 796; x_wconf 91' lang='lat' dir='ltr'>quo</span> <span class='ocrx_word' id='word_1_39' title='bbox 541 740 637 796; x_wconf 88' lang='lat' dir='ltr'>pius</span> <span class='ocrx_word' id='word_1_40' title='bbox 668 740 738 781; x_wconf 88' lang='lat' dir='ltr'>hic</span> <span class='ocrx_word' id='word_1_41' title='bbox 768 740 952 796; x_wconf 87' lang='lat' dir='ltr'>populus</span> <span class='ocrx_word' id='word_1_42' title='bbox 982 754 1149 794; x_wconf 85' lang='lat' dir='ltr'>semper</span> <span class='ocrx_word' id='word_1_43' title='bbox 1179 746 1402 781; x_wconf 86' lang='lat' dir='ltr'>consuerat</span> <span class='ocrx_word' id='word_1_44' title='bbox 1433 739 1627 791; x_wconf 76' lang='lat' dir='ltr'>humar13</span> 
     </span>
     <span class='ocr_line' id='line_1_9' title="bbox 424 809 1879 865; baseline -0.001 -14"><span class='ocrx_word' id='word_1_45' title='bbox 424 810 701 865; x_wconf 88' lang='lat' dir='ltr'>perturbatus</span> <span class='ocrx_word' id='word_1_46' title='bbox 733 810 847 850; x_wconf 89' lang='lat' dir='ltr'>enim</span> <span class='ocrx_word' id='word_1_47' title='bbox 878 815 996 850; x_wconf 88' lang='lat' dir='ltr'>totus</span> <span class='ocrx_word' id='word_1_48' title='bbox 1027 809 1283 864; x_wconf 69' lang='lat' dir='ltr'>trepidabat,</span> <span class='ocrx_word' id='word_1_49' title='bbox 1314 815 1358 850; x_wconf 91' lang='lat' dir='ltr'>et</span> <span class='ocrx_word' id='word_1_50' title='bbox 1388 823 1499 850; x_wconf 87' lang='lat' dir='ltr'>unus</span> <span class='ocrx_word' id='word_1_51' title='bbox 1770 809 1879 850; x_wconf 87' lang='lat'>1280</span> 
     </span>
     <span class='ocr_line' id='line_1_10' title="bbox 424 877 1647 935; baseline -0.002 -14"><span class='ocrx_word' id='word_1_52' title='bbox 424 879 605 935; x_wconf 88' lang='lat' dir='ltr'>quisque</span> <span class='ocrx_word' id='word_1_53' title='bbox 635 894 760 920; x_wconf 90' lang='lat' dir='ltr'>suum</span> <span class='ocrx_word' id='word_1_54' title='bbox 792 893 867 934; x_wconf 90' lang='lat' dir='ltr'>pro</span> <span class='ocrx_word' id='word_1_55' title='bbox 897 894 942 920; x_wconf 88' lang='lat' dir='ltr'>re</span> <span class='ocrx_word' id='word_1_56' title='bbox 966 879 1181 934; x_wconf 75' lang='lat' dir='ltr'>praesenti</span> <span class='ocrx_word' id='word_1_57' title='bbox 1210 884 1398 919; x_wconf 86' lang='lat' dir='ltr'>maestus</span> <span class='ocrx_word' id='word_1_58' title='bbox 1429 877 1647 918; x_wconf 80' lang='lat' dir='ltr'>humabat.</span> 
     </span>
     <span class='ocr_line' id='line_1_11' title="bbox 423 945 1648 1002; baseline -0.002 -14"><span class='ocrx_word' id='word_1_59' title='bbox 423 948 645 1002; x_wconf 87' lang='lat' dir='ltr'>multaque</span> <span class='ocrx_word' id='word_1_60' title='bbox 675 962 743 989; x_wconf 81' lang='lat' dir='ltr'>res</span> <span class='ocrx_word' id='word_1_61' title='bbox 772 948 917 988; x_wconf 77' lang='lat' dir='ltr'>subita</span> <span class='ocrx_word' id='word_1_62' title='bbox 948 953 991 988; x_wconf 95' lang='lat' dir='ltr'>et</span> <span class='ocrx_word' id='word_1_63' title='bbox 1022 952 1258 1002; x_wconf 75' lang='lat' dir='ltr'>paupertas</span> <span class='ocrx_word' id='word_1_64' title='bbox 1287 945 1457 987; x_wconf 88' lang='lat' dir='ltr'>horrida</span> <span class='ocrx_word' id='word_1_65' title='bbox 1488 945 1648 997; x_wconf 82' lang='lat' dir='ltr'>suasit3</span> 
     </span>
    </p>

    <p class='ocr_par' dir='ltr' id='par_1_7' title="bbox 423 1015 1500 1071">
     <span class='ocr_line' id='line_1_12' title="bbox 423 1015 1500 1071; baseline -0.001 -15"><span class='ocrx_word' id='word_1_66' title='bbox 423 1031 607 1071; x_wconf 84' lang='lat' dir='ltr'>namque</span> <span class='ocrx_word' id='word_1_67' title='bbox 638 1031 733 1057; x_wconf 91' lang='lat' dir='ltr'>suos</span> <span class='ocrx_word' id='word_1_68' title='bbox 765 1016 1100 1071; x_wconf 81' lang='lat' dir='ltr'>consanguineos</span> <span class='ocrx_word' id='word_1_69' title='bbox 1131 1015 1271 1056; x_wconf 87' lang='lat' dir='ltr'>aliena</span> <span class='ocrx_word' id='word_1_70' title='bbox 1302 1029 1500 1069; x_wconf 83' lang='lat' dir='ltr'>rogorum</span> 
     </span>
    </p>

    <p class='ocr_par' dir='ltr' id='par_1_8' title="bbox 423 1083 1463 1139">
     <span class='ocr_line' id='line_1_13' title="bbox 423 1083 1463 1139; baseline -0.002 -13"><span class='ocrx_word' id='word_1_71' title='bbox 423 1085 598 1139; x_wconf 87' lang='lat' dir='ltr'>insuper</span> <span class='ocrx_word' id='word_1_72' title='bbox 628 1090 825 1125; x_wconf 82' lang='lat' dir='ltr'>extructa</span> <span class='ocrx_word' id='word_1_73' title='bbox 854 1084 1022 1139; x_wconf 81' lang='lat' dir='ltr'>ingenti</span> <span class='ocrx_word' id='word_1_74' title='bbox 1054 1084 1235 1125; x_wconf 86' lang='lat' dir='ltr'>clamore</span> <span class='ocrx_word' id='word_1_75' title='bbox 1267 1083 1463 1125; x_wconf 79' lang='lat' dir='ltr'>locabant</span> 
     </span>
    </p>

    <p class='ocr_par' dir='ltr' id='par_1_9' title="bbox 422 1151 1872 1278">
     <span class='ocr_line' id='line_1_14' title="bbox 422 1151 1872 1208; baseline -0.001 -14"><span class='ocrx_word' id='word_1_76' title='bbox 422 1153 748 1208; x_wconf 89' lang='lat' dir='ltr'>subdebantque</span> <span class='ocrx_word' id='word_1_77' title='bbox 780 1154 901 1202; x_wconf 84' lang='lat' dir='ltr'>faces,</span> <span class='ocrx_word' id='word_1_78' title='bbox 933 1153 1070 1193; x_wconf 88' lang='lat' dir='ltr'>multo</span> <span class='ocrx_word' id='word_1_79' title='bbox 1108 1167 1204 1193; x_wconf 81' lang='lat' dir='ltr'>curn</span> <span class='ocrx_word' id='word_1_80' title='bbox 1236 1151 1443 1207; x_wconf 85' lang='lat' dir='ltr'>sanguine</span> <span class='ocrx_word' id='word_1_81' title='bbox 1474 1165 1600 1207; x_wconf 90' lang='lat' dir='ltr'>saepe</span> <span class='ocrx_word' id='word_1_82' title='bbox 1769 1153 1872 1204; x_wconf 85' lang='lat'>1285</span> 
     </span>
     <span class='ocr_line' id='line_1_15' title="bbox 422 1222 1487 1278; baseline -0.002 -15"><span class='ocrx_word' id='word_1_83' title='bbox 422 1222 611 1264; x_wconf 80' lang='lat' dir='ltr'>rixantes</span> <span class='ocrx_word' id='word_1_84' title='bbox 641 1223 785 1278; x_wconf 86' lang='lat' dir='ltr'>potius</span> <span class='ocrx_word' id='word_1_85' title='bbox 816 1237 947 1277; x_wconf 87' lang='lat' dir='ltr'>quam</span> <span class='ocrx_word' id='word_1_86' title='bbox 980 1237 1151 1277; x_wconf 83' lang='lat' dir='ltr'>corpora</span> <span class='ocrx_word' id='word_1_87' title='bbox 1181 1222 1487 1262; x_wconf 86' lang='lat' dir='ltr'>desererentur.</span> 
     </span>
    </p>
   </div>
   <div class='ocr_carea' id='block_1_3' title="bbox 280 1364 1876 2111">
    <p class='ocr_par' dir='ltr' id='par_1_10' title="bbox 280 1364 1876 2111">
     <span class='ocr_line' id='line_1_16' title="bbox 280 1364 1876 1406; baseline 0 -8"><span class='ocrx_word' id='word_1_88' title='bbox 280 1366 320 1398; x_wconf 88' lang='lat'>31</span> <span class='ocrx_word' id='word_1_89' title='bbox 338 1366 455 1397; x_wconf 87' lang='lat' dir='ltr'>Camb.</span> <span class='ocrx_word' id='word_1_90' title='bbox 473 1366 517 1397; x_wconf 87' lang='lat' dir='ltr'>all</span> <span class='ocrx_word' id='word_1_91' title='bbox 535 1366 612 1398; x_wconf 81' lang='lat' dir='ltr'>Vat.</span> <span class='ocrx_word' id='word_1_92' title='bbox 626 1380 633 1399; x_wconf 73' lang='grc' dir='ltr'><strong>ι</strong></span> <span class='ocrx_word' id='word_1_93' title='bbox 656 1367 760 1398; x_wconf 83' lang='lat' dir='ltr'>Lach.</span> <span class='ocrx_word' id='word_1_94' title='bbox 778 1368 951 1406; x_wconf 76' lang='lat' dir='ltr'>separatos</span> <span class='ocrx_word' id='word_1_95' title='bbox 969 1366 1052 1398; x_wconf 85' lang='lat'>1270</span> <span class='ocrx_word' id='word_1_96' title='bbox 1069 1366 1156 1396; x_wconf 87' lang='lat' dir='ltr'>from</span> <span class='ocrx_word' id='word_1_97' title='bbox 1171 1365 1230 1396; x_wconf 81' lang='lat' dir='ltr'>the</span> <span class='ocrx_word' id='word_1_98' title='bbox 1247 1367 1383 1396; x_wconf 80' lang='lat' dir='ltr'>context</span> <span class='ocrx_word' id='word_1_99' title='bbox 1399 1364 1442 1405; x_wconf 89' lang='lat' dir='ltr'>by</span> <span class='ocrx_word' id='word_1_100' title='bbox 1458 1366 1501 1405; x_wconf 92' lang='lat'>[].</span> <span class='ocrx_word' id='word_1_101' title='bbox 1603 1365 1687 1398; x_wconf 85' lang='lat'>1274</span> <span class='ocrx_word' id='word_1_102' title='bbox 1701 1366 1876 1398; x_wconf 80' lang='lat' dir='ltr'>manebant</span> 
     </span>
     <span class='ocr_line' id='line_1_17' title="bbox 280 1419 1876 1460; baseline 0.001 -9"><span class='ocrx_word' id='word_1_103' title='bbox 280 1420 396 1453; x_wconf 82' lang='lat' dir='ltr'>Camb.</span> <span class='ocrx_word' id='word_1_104' title='bbox 416 1422 508 1452; x_wconf 77' lang='lat' dir='ltr'>Brix.</span> <span class='ocrx_word' id='word_1_105' title='bbox 526 1421 614 1460; x_wconf 85' lang='lat' dir='ltr'>vulg.</span> <span class='ocrx_word' id='word_1_106' title='bbox 632 1422 684 1452; x_wconf 84' lang='lat' dir='ltr'>for</span> <span class='ocrx_word' id='word_1_107' title='bbox 698 1423 849 1452; x_wconf 74' lang='lat' dir='ltr'>manebat</span> <span class='ocrx_word' id='word_1_108' title='bbox 865 1421 904 1458; x_wconf 93' lang='lat' dir='ltr'>A,</span> <span class='ocrx_word' id='word_1_109' title='bbox 922 1421 1065 1451; x_wconf 69' lang='lat' dir='ltr'>manebit</span> <span class='ocrx_word' id='word_1_110' title='bbox 1081 1420 1119 1452; x_wconf 92' lang='lat' dir='ltr'>B.</span> <span class='ocrx_word' id='word_1_111' title='bbox 1170 1421 1298 1451; x_wconf 75' lang='lat' dir='ltr'>tenebat</span> <span class='ocrx_word' id='word_1_112' title='bbox 1314 1419 1416 1451; x_wconf 86' lang='lat' dir='ltr'>Lach.</span> <span class='ocrx_word' id='word_1_113' title='bbox 1615 1420 1698 1452; x_wconf 82' lang='lat'>1279</span> <span class='ocrx_word' id='word_1_114' title='bbox 1716 1421 1786 1459; x_wconf 79' lang='lat' dir='ltr'>Quo</span> <span class='ocrx_word' id='word_1_115' title='bbox 1796 1421 1876 1460; x_wconf 81' lang='lat' dir='ltr'>pius</span> 
     </span>
     <span class='ocr_line' id='line_1_18' title="bbox 280 1473 1874 1515; baseline 0.001 -9"><span class='ocrx_word' id='word_1_116' title='bbox 280 1475 324 1506; x_wconf 88' lang='lat' dir='ltr'>Is.</span> <span class='ocrx_word' id='word_1_117' title='bbox 343 1475 440 1507; x_wconf 88' lang='lat' dir='ltr'>Voss.</span> <span class='ocrx_word' id='word_1_118' title='bbox 454 1475 490 1506; x_wconf 91' lang='lat' dir='ltr'>in</span> <span class='ocrx_word' id='word_1_119' title='bbox 506 1485 568 1507; x_wconf 90' lang='lat' dir='ltr'>ms.</span> <span class='ocrx_word' id='word_1_120' title='bbox 589 1478 697 1515; x_wconf 85' lang='lat' dir='ltr'>notes,</span> <span class='ocrx_word' id='word_1_121' title='bbox 717 1476 813 1508; x_wconf 85' lang='lat' dir='ltr'>Wak.</span> <span class='ocrx_word' id='word_1_122' title='bbox 834 1475 939 1507; x_wconf 86' lang='lat' dir='ltr'>Lach.</span> <span class='ocrx_word' id='word_1_123' title='bbox 984 1476 1060 1506; x_wconf 80' lang='lat' dir='ltr'>Huc</span> <span class='ocrx_word' id='word_1_124' title='bbox 1073 1477 1150 1515; x_wconf 70' lang='lat' dir='ltr'>pius</span> <span class='ocrx_word' id='word_1_125' title='bbox 1167 1475 1196 1505; x_wconf 92' lang='lat' dir='ltr'>A</span> <span class='ocrx_word' id='word_1_126' title='bbox 1212 1475 1304 1505; x_wconf 81' lang='lat' dir='ltr'>Nice.</span> <span class='ocrx_word' id='word_1_127' title='bbox 1322 1474 1438 1505; x_wconf 84' lang='lat' dir='ltr'>Camb.</span> <span class='ocrx_word' id='word_1_128' title='bbox 1457 1475 1476 1504; x_wconf 85' lang='lat'>2</span> <span class='ocrx_word' id='word_1_129' title='bbox 1493 1473 1569 1505; x_wconf 79' lang='lat' dir='ltr'>Vat.</span> <span class='ocrx_word' id='word_1_130' title='bbox 1586 1474 1679 1505; x_wconf 81' lang='lat' dir='ltr'>Brix.</span> <span class='ocrx_word' id='word_1_131' title='bbox 1697 1474 1774 1506; x_wconf 88' lang='lat' dir='ltr'>Ver.</span> <span class='ocrx_word' id='word_1_132' title='bbox 1792 1475 1874 1507; x_wconf 87' lang='lat' dir='ltr'>Ven.</span> 
     </span>
     <span class='ocr_line' id='line_1_19' title="bbox 282 1527 1874 1570; baseline -0.001 -9"><span class='ocrx_word' id='word_1_133' title='bbox 282 1531 351 1569; x_wconf 77' lang='lat' dir='ltr'>Quo</span> <span class='ocrx_word' id='word_1_134' title='bbox 363 1531 459 1570; x_wconf 81' lang='lat' dir='ltr'>prius</span> <span class='ocrx_word' id='word_1_135' title='bbox 474 1530 502 1560; x_wconf 90' lang='lat' dir='ltr'><strong>B</strong></span> <span class='ocrx_word' id='word_1_136' title='bbox 519 1529 642 1562; x_wconf 86' lang='lat' dir='ltr'>Vienn.</span> <span class='ocrx_word' id='word_1_137' title='bbox 662 1530 746 1569; x_wconf 82' lang='lat' dir='ltr'>frag.</span> <span class='ocrx_word' id='word_1_138' title='bbox 763 1529 883 1562; x_wconf 82' lang='lat' dir='ltr'>Lamb.</span> <span class='ocrx_word' id='word_1_139' title='bbox 930 1530 973 1560; x_wconf 86' lang='lat' dir='ltr'>Ut</span> <span class='ocrx_word' id='word_1_140' title='bbox 985 1531 1081 1569; x_wconf 76' lang='lat' dir='ltr'>prius</span> <span class='ocrx_word' id='word_1_141' title='bbox 1098 1528 1187 1559; x_wconf 87' lang='lat' dir='ltr'>Flor.</span> <span class='ocrx_word' id='word_1_142' title='bbox 1205 1529 1245 1559; x_wconf 87' lang='lat'>31</span> <span class='ocrx_word' id='word_1_143' title='bbox 1262 1531 1327 1559; x_wconf 85' lang='lat' dir='ltr'>two</span> <span class='ocrx_word' id='word_1_144' title='bbox 1340 1528 1417 1559; x_wconf 83' lang='lat' dir='ltr'>Vat.</span> <span class='ocrx_word' id='word_1_145' title='bbox 1432 1528 1556 1560; x_wconf 80' lang='lat' dir='ltr'>Avanc.</span> <span class='ocrx_word' id='word_1_146' title='bbox 1573 1530 1609 1559; x_wconf 85' lang='lat' dir='ltr'>at</span> <span class='ocrx_word' id='word_1_147' title='bbox 1621 1527 1688 1559; x_wconf 83' lang='lat' dir='ltr'>end</span> <span class='ocrx_word' id='word_1_148' title='bbox 1701 1529 1737 1559; x_wconf 80' lang='lat' dir='ltr'>of</span> <span class='ocrx_word' id='word_1_149' title='bbox 1751 1528 1874 1560; x_wconf 81' lang='lat' dir='ltr'>Gatull.</span> 
     </span>
     <span class='ocr_line' id='line_1_20' title="bbox 280 1582 1874 1624; baseline -0.001 -9"><span class='ocrx_word' id='word_1_150' title='bbox 280 1584 415 1615; x_wconf 82' lang='lat' dir='ltr'>Creeoh.</span> <span class='ocrx_word' id='word_1_151' title='bbox 468 1585 509 1614; x_wconf 73' lang='lat' dir='ltr'>Ut</span> <span class='ocrx_word' id='word_1_152' title='bbox 528 1587 606 1624; x_wconf 74' lang='lat' dir='ltr'>pius</span> <span class='ocrx_word' id='word_1_153' title='bbox 630 1594 694 1614; x_wconf 85' lang='lat' dir='ltr'>one</span> <span class='ocrx_word' id='word_1_154' title='bbox 718 1583 794 1615; x_wconf 81' lang='lat' dir='ltr'>Vat.</span> <span class='ocrx_word' id='word_1_155' title='bbox 821 1584 906 1616; x_wconf 79' lang='lat' dir='ltr'>Mar.</span> <span class='ocrx_word' id='word_1_156' title='bbox 933 1583 1008 1614; x_wconf 77' lang='lat' dir='ltr'>Ald.</span> <span class='ocrx_word' id='word_1_157' title='bbox 1034 1583 1051 1613; x_wconf 84' lang='lat'>1</span> <span class='ocrx_word' id='word_1_158' title='bbox 1075 1583 1172 1614; x_wconf 80' lang='lat' dir='ltr'>Junt.</span> <span class='ocrx_word' id='word_1_159' title='bbox 1220 1582 1389 1613; x_wconf 85' lang='lat' dir='ltr'>‘Lucretii</span> <span class='ocrx_word' id='word_1_160' title='bbox 1412 1582 1588 1622; x_wconf 83' lang='lat' dir='ltr'>ingenium</span> <span class='ocrx_word' id='word_1_161' title='bbox 1611 1592 1731 1621; x_wconf 85' lang='lat' dir='ltr'>parum</span> <span class='ocrx_word' id='word_1_162' title='bbox 1754 1592 1874 1623; x_wconf 84' lang='lat' dir='ltr'>cogno-</span> 
     </span>
     <span class='ocr_line' id='line_1_21' title="bbox 280 1635 1875 1677; baseline 0 -9"><span class='ocrx_word' id='word_1_163' title='bbox 280 1640 400 1668; x_wconf 86' lang='lat' dir='ltr'>verunt</span> <span class='ocrx_word' id='word_1_164' title='bbox 416 1636 473 1676; x_wconf 81' lang='lat' dir='ltr'>qui</span> <span class='ocrx_word' id='word_1_165' title='bbox 486 1638 690 1677; x_wconf 84' lang='lat' dir='ltr'>praeoptant</span> <span class='ocrx_word' id='word_1_166' title='bbox 702 1637 809 1676; x_wconf 79' lang='lat' dir='ltr'>prius&#39;</span> <span class='ocrx_word' id='word_1_167' title='bbox 826 1646 903 1676; x_wconf 84' lang='lat' dir='ltr'>says</span> <span class='ocrx_word' id='word_1_168' title='bbox 920 1636 1022 1667; x_wconf 83' lang='lat' dir='ltr'>Lach.</span> <span class='ocrx_word' id='word_1_169' title='bbox 1038 1647 1044 1666; x_wconf 94' lang='lat'><strong>:</strong></span> <span class='ocrx_word' id='word_1_170' title='bbox 1069 1638 1124 1675; x_wconf 87' lang='lat' dir='ltr'>yet</span> <span class='ocrx_word' id='word_1_171' title='bbox 1141 1635 1198 1666; x_wconf 80' lang='lat' dir='ltr'>the</span> <span class='ocrx_word' id='word_1_172' title='bbox 1220 1637 1261 1667; x_wconf 78' lang='grc' dir='ltr'>οἷς</span> <span class='ocrx_word' id='word_1_173' title='bbox 1284 1637 1434 1677; x_wconf 84' lang='grc' dir='ltr'>πρότερον</span> <span class='ocrx_word' id='word_1_174' title='bbox 1451 1638 1592 1676; x_wconf 78' lang='grc' dir='ltr'>ἐχρῶντο</span> <span class='ocrx_word' id='word_1_175' title='bbox 1608 1636 1645 1666; x_wconf 87' lang='lat' dir='ltr'>of</span> <span class='ocrx_word' id='word_1_176' title='bbox 1666 1636 1769 1668; x_wconf 84' lang='lat' dir='ltr'>Thuc.</span> <span class='ocrx_word' id='word_1_177' title='bbox 1790 1646 1819 1667; x_wconf 94' lang='lat'>11</span> <span class='ocrx_word' id='word_1_178' title='bbox 1834 1638 1875 1668; x_wconf 89' lang='grc'>52</span> 
     </span>
     <span class='ocr_line' id='line_1_22' title="bbox 280 1689 1875 1731; baseline 0 -9"><span class='ocrx_word' id='word_1_179' title='bbox 280 1691 401 1731; x_wconf 80' lang='lat' dir='ltr'>speaks</span> <span class='ocrx_word' id='word_1_180' title='bbox 417 1691 568 1730; x_wconf 82' lang='lat' dir='ltr'>strongly</span> <span class='ocrx_word' id='word_1_181' title='bbox 584 1691 620 1721; x_wconf 87' lang='lat' dir='ltr'>in</span> <span class='ocrx_word' id='word_1_182' title='bbox 637 1691 756 1721; x_wconf 81' lang='lat' dir='ltr'>favour</span> <span class='ocrx_word' id='word_1_183' title='bbox 772 1690 808 1721; x_wconf 83' lang='lat' dir='ltr'>of</span> <span class='ocrx_word' id='word_1_184' title='bbox 822 1690 850 1720; x_wconf 91' lang='lat' dir='ltr'>B</span> <span class='ocrx_word' id='word_1_185' title='bbox 868 1689 936 1721; x_wconf 84' lang='lat' dir='ltr'>and</span> <span class='ocrx_word' id='word_1_186' title='bbox 951 1689 1090 1721; x_wconf 85' lang='lat' dir='ltr'>Lamb.:</span> <span class='ocrx_word' id='word_1_187' title='bbox 1115 1699 1224 1729; x_wconf 89' lang='lat' dir='ltr'>comp.</span> <span class='ocrx_word' id='word_1_188' title='bbox 1242 1690 1327 1720; x_wconf 87' lang='lat' dir='ltr'>Aen.</span> <span class='ocrx_word' id='word_1_189' title='bbox 1345 1699 1379 1720; x_wconf 91' lang='lat' dir='ltr'>1v</span> <span class='ocrx_word' id='word_1_190' title='bbox 1393 1690 1455 1720; x_wconf 74' lang='lat'>464</span> <span class='ocrx_word' id='word_1_191' title='bbox 1467 1691 1599 1730; x_wconf 77' lang='lat' dir='ltr'>piorum</span> <span class='ocrx_word' id='word_1_192' title='bbox 1612 1690 1712 1728; x_wconf 67' lang='lat' dir='ltr'>Med„</span> <span class='ocrx_word' id='word_1_193' title='bbox 1725 1692 1875 1730; x_wconf 80' lang='lat' dir='ltr'>priorum</span> 
     </span>
     <span class='ocr_line' id='line_1_23' title="bbox 280 1743 1874 1786; baseline 0.001 -11"><span class='ocrx_word' id='word_1_194' title='bbox 280 1745 354 1777; x_wconf 87' lang='lat' dir='ltr'>Vat.</span> <span class='ocrx_word' id='word_1_195' title='bbox 374 1744 446 1776; x_wconf 87' lang='lat' dir='ltr'>Pal.</span> <span class='ocrx_word' id='word_1_196' title='bbox 466 1747 528 1776; x_wconf 88' lang='lat' dir='ltr'>etc.</span> <span class='ocrx_word' id='word_1_197' title='bbox 579 1746 719 1775; x_wconf 81' lang='lat' dir='ltr'>humari.</span> <span class='ocrx_word' id='word_1_198' title='bbox 745 1746 878 1775; x_wconf 75' lang='lat' dir='ltr'>humare</span> <span class='ocrx_word' id='word_1_199' title='bbox 895 1743 936 1774; x_wconf 89' lang='lat' dir='ltr'>N.</span> <span class='ocrx_word' id='word_1_200' title='bbox 955 1744 990 1774; x_wconf 84' lang='lat' dir='ltr'>P.</span> <span class='ocrx_word' id='word_1_201' title='bbox 1009 1743 1168 1780; x_wconf 81' lang='lat' dir='ltr'>Howard,</span> <span class='ocrx_word' id='word_1_202' title='bbox 1185 1744 1331 1784; x_wconf 84' lang='lat' dir='ltr'>perhaps</span> <span class='ocrx_word' id='word_1_203' title='bbox 1348 1744 1485 1784; x_wconf 75' lang='lat' dir='ltr'>rightly.</span> <span class='ocrx_word' id='word_1_204' title='bbox 1676 1745 1759 1777; x_wconf 83' lang='lat'>1280</span> <span class='ocrx_word' id='word_1_205' title='bbox 1775 1748 1874 1786; x_wconf 79' lang='lat' dir='ltr'>trepi-</span> 
     </span>
     <span class='ocr_line' id='line_1_24' title="bbox 280 1797 1873 1839; baseline 0.001 -10"><span class='ocrx_word' id='word_1_206' title='bbox 280 1800 381 1829; x_wconf 76' lang='lat' dir='ltr'>dabat</span> <span class='ocrx_word' id='word_1_207' title='bbox 397 1799 437 1829; x_wconf 85' lang='lat' dir='ltr'>B.</span> <span class='ocrx_word' id='word_1_208' title='bbox 480 1799 660 1838; x_wconf 76' lang='lat' dir='ltr'>repedabat</span> <span class='ocrx_word' id='word_1_209' title='bbox 675 1798 704 1828; x_wconf 91' lang='lat' dir='ltr'>A</span> <span class='ocrx_word' id='word_1_210' title='bbox 719 1797 810 1828; x_wconf 82' lang='lat' dir='ltr'>Nico.</span> <span class='ocrx_word' id='word_1_211' title='bbox 827 1797 917 1828; x_wconf 87' lang='lat' dir='ltr'>Flor.</span> <span class='ocrx_word' id='word_1_212' title='bbox 936 1798 975 1827; x_wconf 84' lang='lat'>31</span> <span class='ocrx_word' id='word_1_213' title='bbox 994 1797 1109 1828; x_wconf 90' lang='lat' dir='ltr'>Camb.</span> <span class='ocrx_word' id='word_1_214' title='bbox 1128 1800 1193 1828; x_wconf 83' lang='lat' dir='ltr'>two</span> <span class='ocrx_word' id='word_1_215' title='bbox 1206 1797 1282 1828; x_wconf 85' lang='lat' dir='ltr'>Vat.</span> <span class='ocrx_word' id='word_1_216' title='bbox 1301 1797 1392 1829; x_wconf 83' lang='lat' dir='ltr'>Mon.</span> <span class='ocrx_word' id='word_1_217' title='bbox 1413 1800 1476 1828; x_wconf 82' lang='lat' dir='ltr'>etc.</span> <span class='ocrx_word' id='word_1_218' title='bbox 1610 1799 1691 1829; x_wconf 83' lang='lat'>1281</span> <span class='ocrx_word' id='word_1_219' title='bbox 1703 1801 1873 1839; x_wconf 79' lang='lat' dir='ltr'>praesenti</span> 
     </span>
     <span class='ocr_line' id='line_1_25' title="bbox 281 1851 1869 1893; baseline 0.001 -9"><span class='ocrx_word' id='word_1_220' title='bbox 281 1853 386 1884; x_wconf 84' lang='lat' dir='ltr'>added</span> <span class='ocrx_word' id='word_1_221' title='bbox 416 1853 460 1893; x_wconf 93' lang='lat' dir='ltr'>by</span> <span class='ocrx_word' id='word_1_222' title='bbox 482 1853 547 1883; x_wconf 88' lang='lat' dir='ltr'>Ed.</span> <span class='ocrx_word' id='word_1_223' title='bbox 594 1857 780 1892; x_wconf 67' lang='lat' dir='ltr'>compostum</span> <span class='ocrx_word' id='word_1_224' title='bbox 809 1851 913 1884; x_wconf 85' lang='lat' dir='ltr'>Lach.</span> <span class='ocrx_word' id='word_1_225' title='bbox 962 1857 1139 1883; x_wconf 77' lang='lat' dir='ltr'>consortem</span> <span class='ocrx_word' id='word_1_226' title='bbox 1168 1852 1194 1882; x_wconf 76' lang='lat' dir='ltr'>F</span> <span class='ocrx_word' id='word_1_227' title='bbox 1198 1853 1257 1883; x_wconf 85' lang='lat' dir='ltr'>lor.</span> <span class='ocrx_word' id='word_1_228' title='bbox 1292 1852 1331 1882; x_wconf 84' lang='lat'>31</span> <span class='ocrx_word' id='word_1_229' title='bbox 1363 1851 1479 1883; x_wconf 82' lang='lat' dir='ltr'>Gamb.</span> <span class='ocrx_word' id='word_1_230' title='bbox 1513 1852 1598 1883; x_wconf 86' lang='lat' dir='ltr'>Mar.</span> <span class='ocrx_word' id='word_1_231' title='bbox 1623 1852 1746 1892; x_wconf 87' lang='lat' dir='ltr'>before,</span> <span class='ocrx_word' id='word_1_232' title='bbox 1775 1853 1869 1886; x_wconf 76' lang='lat' dir='ltr'>Junt.</span> 
     </span>
     <span class='ocr_line' id='line_1_26' title="bbox 280 1905 1873 1946; baseline 0.001 -8"><span class='ocrx_word' id='word_1_233' title='bbox 280 1907 399 1938; x_wconf 82' lang='lat' dir='ltr'>Lamb.</span> <span class='ocrx_word' id='word_1_234' title='bbox 417 1910 479 1938; x_wconf 89' lang='lat' dir='ltr'>etc.</span> <span class='ocrx_word' id='word_1_235' title='bbox 496 1907 583 1937; x_wconf 86' lang='lat' dir='ltr'>after</span> <span class='ocrx_word' id='word_1_236' title='bbox 593 1916 656 1946; x_wconf 75' lang='lat' dir='ltr'>pro</span> <span class='ocrx_word' id='word_1_237' title='bbox 672 1916 718 1937; x_wconf 84' lang='lat' dir='ltr'>re.</span> <span class='ocrx_word' id='word_1_238' title='bbox 765 1910 938 1945; x_wconf 61' lang='lat' dir='ltr'>cognatum</span> <span class='ocrx_word' id='word_1_239' title='bbox 953 1906 1078 1936; x_wconf 83' lang='lat' dir='ltr'>Avanc.</span> <span class='ocrx_word' id='word_1_240' title='bbox 1223 1906 1305 1936; x_wconf 89' lang='grc'>1282</span> <span class='ocrx_word' id='word_1_241' title='bbox 1324 1916 1372 1936; x_wconf 79' lang='lat' dir='ltr'>res</span> <span class='ocrx_word' id='word_1_242' title='bbox 1387 1907 1498 1936; x_wconf 74' lang='lat' dir='ltr'>subita</span> <span class='ocrx_word' id='word_1_243' title='bbox 1514 1910 1545 1937; x_wconf 82' lang='lat' dir='ltr'>et</span> <span class='ocrx_word' id='word_1_244' title='bbox 1561 1905 1679 1937; x_wconf 85' lang='lat' dir='ltr'>Camb.</span> <span class='ocrx_word' id='word_1_245' title='bbox 1696 1906 1772 1938; x_wconf 78' lang='lat' dir='ltr'>Vat.</span> <span class='ocrx_word' id='word_1_246' title='bbox 1791 1907 1873 1939; x_wconf 88' lang='grc'>1136</span> 
     </span>
     <span class='ocr_line' id='line_1_27' title="bbox 281 1959 1874 2000; baseline 0.001 -7"><span class='ocrx_word' id='word_1_247' title='bbox 281 1962 349 1993; x_wconf 86' lang='lat' dir='ltr'>and</span> <span class='ocrx_word' id='word_1_248' title='bbox 366 1962 448 1994; x_wconf 82' lang='lat'>1954</span> <span class='ocrx_word' id='word_1_249' title='bbox 470 1961 595 1993; x_wconf 83' lang='lat' dir='ltr'>Othob.</span> <span class='ocrx_word' id='word_1_250' title='bbox 612 1961 664 1992; x_wconf 88' lang='lat' dir='ltr'>for</span> <span class='ocrx_word' id='word_1_251' title='bbox 683 1962 795 1992; x_wconf 78' lang='lat' dir='ltr'>subita</span> <span class='ocrx_word' id='word_1_252' title='bbox 816 1965 846 1991; x_wconf 82' lang='lat' dir='ltr'>et</span> <span class='ocrx_word' id='word_1_253' title='bbox 868 1961 906 1996; x_wconf 84' lang='lat' dir='ltr'>A,</span> <span class='ocrx_word' id='word_1_254' title='bbox 929 1961 1040 1991; x_wconf 80' lang='lat' dir='ltr'>subita</span> <span class='ocrx_word' id='word_1_255' title='bbox 1054 1961 1101 2000; x_wconf 81' lang='lat' dir='ltr'>fit</span> <span class='ocrx_word' id='word_1_256' title='bbox 1122 1960 1161 1991; x_wconf 90' lang='lat' dir='ltr'>B.</span> <span class='ocrx_word' id='word_1_257' title='bbox 1209 1971 1260 1991; x_wconf 74' lang='lat' dir='ltr'>res</span> <span class='ocrx_word' id='word_1_258' title='bbox 1283 1961 1411 1991; x_wconf 81' lang='lat' dir='ltr'>subitae</span> <span class='ocrx_word' id='word_1_259' title='bbox 1436 1965 1467 1991; x_wconf 80' lang='lat' dir='ltr'>et</span> <span class='ocrx_word' id='word_1_260' title='bbox 1489 1959 1593 1992; x_wconf 85' lang='lat' dir='ltr'>Lach.</span> <span class='ocrx_word' id='word_1_261' title='bbox 1639 1963 1690 1992; x_wconf 83' lang='lat' dir='ltr'>vis</span> <span class='ocrx_word' id='word_1_262' title='bbox 1710 1962 1822 1993; x_wconf 80' lang='lat' dir='ltr'>subita</span> <span class='ocrx_word' id='word_1_263' title='bbox 1842 1966 1874 1994; x_wconf 75' lang='lat' dir='ltr'>et</span> 
     </span>
     <span class='ocr_line' id='line_1_28' title="bbox 280 2014 1643 2047; baseline -0.001 0"><span class='ocrx_word' id='word_1_264' title='bbox 280 2016 368 2047; x_wconf 86' lang='lat' dir='ltr'>Flor.</span> <span class='ocrx_word' id='word_1_265' title='bbox 390 2017 429 2046; x_wconf 84' lang='lat'>31</span> <span class='ocrx_word' id='word_1_266' title='bbox 446 2015 521 2046; x_wconf 81' lang='lat' dir='ltr'>Vat.</span> <span class='ocrx_word' id='word_1_267' title='bbox 540 2015 602 2046; x_wconf 70' lang='lat'>640</span> <span class='ocrx_word' id='word_1_268' title='bbox 618 2014 739 2045; x_wconf 84' lang='lat' dir='ltr'>Urbin.</span> <span class='ocrx_word' id='word_1_269' title='bbox 757 2014 841 2046; x_wconf 80' lang='lat' dir='ltr'>Mar.</span> <span class='ocrx_word' id='word_1_270' title='bbox 863 2014 937 2045; x_wconf 88' lang='lat' dir='ltr'>Ald.</span> <span class='ocrx_word' id='word_1_271' title='bbox 957 2015 973 2044; x_wconf 92' lang='lat'>1</span> <span class='ocrx_word' id='word_1_272' title='bbox 991 2014 1086 2046; x_wconf 82' lang='lat' dir='ltr'>Junt.</span> <span class='ocrx_word' id='word_1_273' title='bbox 1107 2014 1226 2046; x_wconf 85' lang='lat' dir='ltr'>Lamb.</span> <span class='ocrx_word' id='word_1_274' title='bbox 1271 2024 1355 2046; x_wconf 79' lang='lat' dir='ltr'>mors</span> <span class='ocrx_word' id='word_1_275' title='bbox 1370 2015 1481 2045; x_wconf 74' lang='lat' dir='ltr'>subita</span> <span class='ocrx_word' id='word_1_276' title='bbox 1497 2019 1527 2046; x_wconf 75' lang='lat' dir='ltr'>et</span> <span class='ocrx_word' id='word_1_277' title='bbox 1542 2014 1643 2046; x_wconf 84' lang='lat' dir='ltr'>Bern.</span> 
     </span>
     <span class='ocr_line' id='line_1_29' title="bbox 324 2068 1113 2111; baseline -0.001 -10"><span class='ocrx_word' id='word_1_278' title='bbox 324 2070 509 2111; x_wconf 80' lang='lat' dir='ltr'>1285faces</span> <span class='ocrx_word' id='word_1_279' title='bbox 524 2069 614 2101; x_wconf 87' lang='lat' dir='ltr'>Flor.</span> <span class='ocrx_word' id='word_1_280' title='bbox 632 2069 672 2099; x_wconf 86' lang='lat'>31</span> <span class='ocrx_word' id='word_1_281' title='bbox 689 2068 804 2100; x_wconf 81' lang='lat' dir='ltr'>Camb.</span> <span class='ocrx_word' id='word_1_282' title='bbox 821 2068 906 2100; x_wconf 88' lang='lat' dir='ltr'>Mar.</span> <span class='ocrx_word' id='word_1_283' title='bbox 923 2068 974 2099; x_wconf 84' lang='lat' dir='ltr'>for</span> <span class='ocrx_word' id='word_1_284' title='bbox 983 2070 1113 2108; x_wconf 55' lang='lat' dir='ltr'>fauce&amp;</span> 
     </span>
    </p>
   </div>
   <div class='ocr_carea' id='block_1_4' title="bbox 889 2498 1258 2532">
    <p class='ocr_par' dir='ltr' id='par_1_11' title="bbox 889 2498 1258 2532">
     <span class='ocr_line' id='line_1_30' title="bbox 889 2498 1258 2532; baseline 0.008 -4"><span class='ocrx_word' id='word_1_285' title='bbox 889 2498 983 2529; x_wconf 82' lang='lat' dir='ltr'>END</span> <span class='ocrx_word' id='word_1_286' title='bbox 1014 2499 1070 2529; x_wconf 88' lang='lat' dir='ltr'>OF</span> <span class='ocrx_word' id='word_1_287' title='bbox 1100 2498 1198 2529; x_wconf 84' lang='lat' dir='ltr'>VOL.</span> <span class='ocrx_word' id='word_1_288' title='bbox 1228 2499 1258 2532; x_wconf 82' lang='lat' dir='ltr'>I.</span> 
     </span>
    </p>
   </div>
   <div class='ocr_carea' id='block_1_5' title="bbox 511 2933 1762 2941">
    <p class='ocr_par' dir='ltr' id='par_1_12' title="bbox 511 2933 1762 2941">
     <span class='ocr_line' id='line_1_31' title="bbox 511 2933 1762 2941; baseline 0 0"><span class='ocrx_word' id='word_1_289' title='bbox 511 2933 1762 2941; x_wconf 95' lang='lat' dir='ltr'> </span> 
     </span>
    </p>
   </div>
   <div class='ocr_carea' id='block_1_6' title="bbox 441 2964 1774 2993">
    <p class='ocr_par' dir='ltr' id='par_1_13' title="bbox 441 2964 1774 2993">
     <span class='ocr_line' id='line_1_32' title="bbox 441 2964 1774 2993; baseline 0.003 -7"><span class='ocrx_word' id='word_1_290' title='bbox 441 2964 662 2986; x_wconf 75' lang='lat' dir='ltr'>CAMBRIDGE:</span> <span class='ocrx_word' id='word_1_291' title='bbox 700 2965 851 2986; x_wconf 70' lang='lat' dir='ltr'>PRINTED</span> <span class='ocrx_word' id='word_1_292' title='bbox 878 2966 921 2987; x_wconf 71' lang='grc' dir='ltr'>ΒΥ</span> <span class='ocrx_word' id='word_1_293' title='bbox 944 2966 969 2987; x_wconf 85' lang='lat' dir='ltr'>J.</span> <span class='ocrx_word' id='word_1_294' title='bbox 1001 2964 1018 2985; x_wconf 66' lang='lat' dir='ltr'>S.</span> <span class='ocrx_word' id='word_1_295' title='bbox 1043 2967 1070 2987; x_wconf 86' lang='lat' dir='ltr'>C.</span> <span class='ocrx_word' id='word_1_296' title='bbox 1098 2967 1126 2988; x_wconf 79' lang='lat' dir='ltr'>F.</span> <span class='ocrx_word' id='word_1_297' title='bbox 1152 2967 1244 2993; x_wconf 68' lang='lat' dir='ltr'>CLAY‚</span> <span class='ocrx_word' id='word_1_298' title='bbox 1270 2967 1309 2987; x_wconf 79' lang='lat' dir='ltr'>AT</span> <span class='ocrx_word' id='word_1_299' title='bbox 1332 2967 1402 2988; x_wconf 79' lang='lat' dir='ltr'>THE</span> <span class='ocrx_word' id='word_1_300' title='bbox 1427 2968 1635 2989; x_wconf 73' lang='lat' dir='ltr'>UNIVERSITY</span> <span class='ocrx_word' id='word_1_301' title='bbox 1659 2969 1774 2991; x_wconf 76' lang='lat' dir='ltr'>PRESS.</span> 
     </span>
    </p>
   </div>
  </div>
 </body>
</html>
