1997 3267
865 159 929 200 IV
1619 174 1695 218 175

225 265 407 320 denique
438 281 535 306 cum
566 266 685 307 suavi
716 266 909 308 devinxit}
942 267 1132 308 membra
1162 283 1308 323 sopore

225 349 396 375 somnus
426 339 470 375 et
500 334 545 376 in
574 349 741 376 summa
770 349 920 389 corpus
951 334 1060 376 iacet
1091 350 1214 377 omne
1245 336 1401 391 quiete,

225 407 318 443 tum
350 402 525 457 vigilare
557 408 702 444 ‘namen
731 403 853 444 nobis
884 408 927 444 et
959 403 1150 444 membra
1180 418 1348 445 movere
1611 417 1694 460 455

223 474 367 510 nostra
396 470 601 520 videmur,
632 476 675 511 et
706 470 750 510 in
780 469 915 511 noctis
946 470 1125 524 caligine
1156 485 1279 512 caeca

224 551 392 578 cernere
424 551 644 578 censemus
674 537 806 578 solem
837 537 1068 592 lumenque
1099 537 1301 579 diurnum

223 605 501 659 conclusoque
533 605 621 646 loco
652 605 815 646 caelum
847 620 962 646 mare
994 605 1172 647 flumina
1203 607 1360 648 montis

224 678 390 713 mutare
422 678 465 713 eb
496 687 664 727 campos
696 672 874 727 pedibus
905 672 1086 714 transire
1117 673 1325 722 videmur,

224 748 268 782 et
298 741 462 781 sonitus
492 741 652 791 audire,
683 756 831 782 severa
861 741 1034 782 silentia
1064 742 1201 783 noctis
1614 745 1701 796 460

222 808 411 863 undique
441 824 537 850 cum
569 814 776 859 constent,
806 814 850 850 eb
880 809 1054 850 reddere
1085 810 1200 851 dicta
1234 816 1438 853 tacentes.

223 883 365 919 cetera
394 877 447 918 de
476 892 632 933 genere
663 878 741 918 hoc
771 878 979 919 miracula
1010 879 1147 919 multa
1177 879 1382 928 videmus,

224 959 331 1000 quae
361 944 516 986 violare
547 945 676 986 fidem
707 945 829 1000 quasi
860 945 1054 987 sensibus
1084 946 1226 987 omnia
1256 953 1478 1002 quaerunb,

224 1013 495 1068 nequiquam,
525 1013 726 1067 quoniam
757 1028 854 1068 pars
887 1014 1037 1054 horum
1069 1015 1257 1056 maxima
1288 1016 1398 1058 fallit

222 1088 395 1137 propter
425 1081 622 1136 opinatus
653 1082 785 1123 animi
816 1097 920 1138 quos
951 1083 1149 1125 addimus
1179 1084 1271 1139 ipsi,
1613 1087 1694 1137 455

223 1165 298 1206 pro
328 1150 428 1191 visis
460 1155 509 1191 ub
539 1151 625 1191 sint
656 1166 764 1206 quae
796 1166 881 1192 non
912 1158 1012 1193 sunt
1043 1153 1226 1195 sensibu'
1259 1155 1357 1196 visa.

222 1233 322 1260 nam
352 1218 411 1258 nil
443 1218 612 1274 aegrius
642 1224 706 1259 est
737 1234 865 1274 quam
896 1234 963 1261 res
993 1235 1209 1262 secernere
1240 1229 1410 1276 apertas

222 1286 277 1329 ab
306 1286 460 1335 dubiis,
490 1286 658 1327 animus
689 1302 794 1342 quas
824 1288 878 1328 ab
910 1303 954 1329 se
984 1289 1181 1343 protinus
1212 1290 1343 1331 addin.

280 1354 476 1410 Denique
507 1355 567 1395 nil
599 1355 694 1395 sciri
725 1355 857 1410 siquis
888 1362 1027 1411 putat,
1057 1357 1103 1398 id
1135 1373 1302 1413 quoque
1332 1358 1467 1400 nescit]

222 1438 277 1464 an
307 1423 403 1464 sciri
433 1423 579 1477 possit,
609 1423 810 1477 quoniam
840 1424 901 1465 nil
932 1425 1037 1466 scire
1069 1426 1239 1467 fatetur.
1613 1438 1699 1478 470

224 1492 336 1533 hunc
366 1492 501 1548 igitur
531 1497 677 1533 contra
707 1493 880 1534 mittam
912 1495 1166 1536 contendere
1197 1510 1380 1544 causam,

223 1560 297 1616 qui
327 1560 466 1615 capite
496 1559 587 1615 ipse
618 1575 695 1601 sua
725 1560 769 1600 in
801 1561 955 1602 stabuit
985 1562 1168 1618 vestigia
1197 1577 1300 1604 sese.

223 1634 268 1669 et
297 1634 443 1669 tamen
473 1628 552 1668 hoc
581 1642 749 1683 quoque
782 1629 847 1669 uti
878 1629 1106 1670 concedam
1137 1630 1254 1679 scire,
1285 1636 1331 1671 ab
1363 1630 1407 1671 id
1438 1630 1578 1686 ipsum

224 1711 435 1752 quaeram,
466 1711 561 1737 cum
594 1697 638 1737 in
668 1697 795 1738 rebus
825 1698 915 1738 veri
946 1698 1006 1738 nil
1037 1699 1194 1740 viderit
1224 1705 1339 1748 ante,

223 1764 336 1806 unde
366 1763 473 1804 sciat
503 1764 607 1818 quid
637 1764 692 1804 sit
723 1764 828 1805 scire
859 1772 903 1806 eb
933 1765 1095 1806 nescire
1126 1766 1325 1816 vicissim,
1614 1775 1694 1818 475

223 1831 422 1873 notitiam
453 1831 542 1872 veri
574 1846 682 1885 quae
713 1846 780 1873 res
811 1833 989 1887 falsique
1021 1833 1173 1875 crearit

224 1905 269 1941 et
298 1899 478 1940 dubium
510 1904 625 1940 certo
656 1914 764 1954 quae
795 1915 861 1941 res
891 1901 1059 1942 differre
1090 1901 1290 1956 probarit).

223 1967 412 2009 invenies
442 1968 591 2022 primis
621 1968 675 2009 ab
705 1969 899 2010 sensibus
931 1984 1021 2011 esse
1052 1976 1238 2011 creatam

222 2036 423 2078 notitiem
454 2037 541 2077 veri
572 2051 711 2091 neque
743 2052 891 2079 sensus
920 2053 1042 2092 posse
1072 2038 1219 2080 refelli.

222 2120 322 2147 nam
354 2104 510 2146 maiore
541 2105 623 2146 fide
655 2105 783 2147 debeb
814 2107 1036 2161 reperirier
1066 2107 1186 2157 illud,
1612 2109 1699 2160 480

223 2180 372 2231 sponte
404 2189 480 2214 sua
510 2174 620 2215 veris
651 2175 764 2229 quod
794 2175 928 2230 possit
958 2176 1124 2217 vincere
1156 2175 1271 2218 falsa.

222 2244 326 2300 quid
356 2243 512 2284 maiore
544 2243 626 2284 fide
657 2258 780 2299 porro
810 2259 939 2299 quam
970 2259 1117 2286 sensus
1148 2245 1294 2286 haberi

222 2312 385 2354 debeb?
424 2326 479 2352 an
509 2312 563 2352 ab
594 2326 719 2353 sensu
752 2313 855 2354 falso
887 2313 996 2354 ratio
1027 2319 1119 2354 orta
1149 2314 1308 2355 valebit

223 2380 361 2422 dicere
392 2394 463 2421 eos
493 2386 650 2430 contra,
682 2396 790 2436 quae
821 2386 915 2422 boba
944 2381 998 2423 ab
1029 2382 1222 2423 sensibus
1254 2387 1346 2423 orta
1376 2384 1472 2423 est?

109 2529 174 2556 tur.
305 2523 369 2555 460
384 2526 490 2555 noctis
505 2524 533 2554 B
549 2534 634 2556 corr.
651 2524 741 2556 Flor.
759 2527 800 2556 31
817 2525 934 2556 Camb.
952 2525 1050 2556 Pont.
1068 2525 1154 2556 Mar.
1172 2525 1223 2556 for
1238 2527 1367 2556 montis.
1459 2523 1521 2554 462
1537 2525 1699 2555 miracula

108 2579 173 2613 Ed.
193 2579 244 2611 for
267 2579 436 2610 mirande:
461 2573 557 2609 aczt'la
581 2587 648 2609 was
670 2579 835 2618 probably
857 2578 1022 2610 absorbed
1045 2578 1081 2608 in
1105 2580 1208 2609 multa
1232 2578 1300 2609 and
1323 2578 1381 2609 the
1404 2577 1494 2609 word
1511 2577 1698 2616 completed

110 2634 197 2665 from
220 2633 293 2665 419.
341 2634 493 2664 mirando
515 2633 604 2664 Flor.
629 2634 669 2664 31
694 2633 770 2664 Vat.
796 2633 878 2665 1136
903 2633 1026 2665 Othob.
1051 2633 1136 2664 Mar.
1160 2633 1212 2664 for
1235 2634 1393 2664 mirande.
1438 2633 1569 2663 miracli
1591 2632 1696 2663 Lach.

108 2687 189 2719 here
204 2697 241 2719 as
256 2687 330 2720 419.
482 2687 545 2719 467
561 2689 692 2727 aegyrius
709 2693 766 2719 est.
812 2688 914 2719 Later
929 2698 1009 2719 mss.
1027 2687 1095 2719 and
1111 2687 1177 2719 old.
1194 2687 1263 2718 eds.
1281 2687 1353 2719 also
1368 2686 1466 2717 Pont.
1485 2685 1568 2716 Mar.
1586 2685 1658 2716 Ald.
1679 2685 1696 2716 1

109 2742 205 2774 Junt.
229 2741 347 2772 Lamb.
371 2743 433 2773 etc.
458 2743 617 2780 egregius,
642 2742 812 2782 absurdly.
959 2741 1021 2772 468
1045 2742 1142 2772 addit
1164 2742 1193 2772 A
1216 2741 1307 2772 Nicc.
1333 2740 1451 2772 Camb.
1469 2741 1488 2770 2
1504 2740 1579 2772 Ῡὶιῢ.
1599 2740 1694 2772 Junt.

111 2796 245 2828 Creech.
290 2797 385 2827 abdit
400 2796 429 2827 B
444 2795 534 2827 Flor.
553 2796 592 2826 31
610 2797 629 2826 3
646 2796 719 2828 Vat.
741 2797 840 2827 Pont.
858 2797 942 2828 Mar.
960 2795 1036 2827 Ald.
1055 2796 1071 2826 1
1088 2795 1209 2826 Lamb.
1225 2795 1323 2827 Wak.
1341 2795 1483 2826 without
1498 2796 1667 2835 meaning.

152 2851 213 2883 471
230 2851 359 2881 mittam
374 2850 460 2881 Mar.
477 2849 551 2880 Ald.
571 2850 588 2880 1
605 2850 701 2881 Junt.
719 2851 771 2882 for
786 2853 934 2882 mituam.
1059 2849 1122 2883 472
1138 2860 1199 2881 sua
1215 2852 1252 2881 in
1267 2851 1386 2881 statuit
1403 2848 1505 2880 Lach.
1523 2850 1575 2880 for
1590 2861 1646 2881 suo
1662 2852 1699 2882 in

109 2905 238 2935 statuit.
370 2903 432 2935 479
449 2913 559 2934 sensns
577 2903 659 2935 Mar.
680 2903 775 2935 Junt.
794 2904 845 2935 for
861 2914 965 2936 sensu.
1101 2904 1164 2935 486
1176 2908 1331 2943 poterunt
1347 2903 1436 2935 Flor.
1458 2905 1497 2934 31
1515 2904 1630 2935 Camb.
1648 2904 1698 2936 for
