1997 3267
962 181 1027 222 IV
1727 186 1801 237 185

323 305 444 333 mens
474 290 607 332 animi
638 289 802 346 vigilat,
832 289 915 330 nisi
946 288 1059 344 quod
1089 289 1314 331 simulacra
1345 289 1558 333 lacessunt

324 361 428 402 haec
458 359 606 402 eadem
637 365 804 400 nostros
834 358 999 400 animos
1028 372 1138 413 quae
1169 373 1267 399 cum
1298 359 1537 415 vigilamus,

325 442 458 483 usque
488 427 606 477 adeo,
636 434 751 469 certe
783 432 833 469 ut
863 426 1086 468 videamur
1115 441 1285 469 cernere
1316 442 1415 469 eum
1447 443 1575 483 quem
1720 433 1805 484 760

323 496 487 538 rellicta
518 495 609 537 vita
638 496 723 537 iam
756 509 868 536 mors
898 501 943 536 et
973 500 1088 536 terra
1118 495 1307 550 potitust.

324 564 402 606 hoc
432 565 528 606 ideo
559 564 650 606 fieri
681 564 795 620 cogit
825 568 992 612 natura,
1023 563 1136 618 quod
1168 578 1314 605 omnes

322 632 506 688 corporis
537 632 680 673 offecti
710 646 857 673 sensus
887 645 964 686 per
994 631 1187 672 membra
1217 631 1443 687 quiescunt

322 714 400 742 nec
432 705 610 755 possunt
642 699 795 740 falsum
828 700 938 740 veris
969 698 1217 740 convincere
1247 699 1385 741 rebus.

322 774 542 824 praeterea
571 768 815 810 meminisse
846 768 956 809 iacet
988 768 1249 823 languetque
1279 783 1427 824 sopore
1723 774 1801 824 765

322 852 400 878 nec
431 836 632 878 dissentit
663 851 762 878 eum
794 836 943 877 mortis
974 836 1137 891 letique
1168 836 1357 891 potitum

323 906 408 947 iam
439 906 617 962 pridem,
648 920 777 962 quem
808 919 929 947 mens
960 905 1100 946 vivom
1132 919 1176 946 se
1207 920 1377 947 cernere
1409 905 1552 948 credit.

323 975 436 1031 quod
467 980 674 1031 superest,
704 989 788 1016 non
820 983 886 1016 est
916 975 1073 1015 mirum
1104 974 1330 1016 simulacra
1360 975 1520 1016 moveri

323 1043 603 1100 bracchiaque
634 1044 679 1085 in
710 1059 936 1085 numerum
968 1044 1126 1085 iactare
1158 1049 1202 1084 et
1233 1049 1374 1085 cetera
1404 1044 1621 1097 membra3

323 1127 423 1154 nam
454 1112 505 1154 fit
535 1119 585 1154 ut
615 1112 659 1153 in
691 1112 851 1154 somnis
883 1113 1017 1154 facere
1049 1112 1127 1153 hoc
1158 1111 1356 1154 videatur
1386 1113 1551 1168 imago3
1721 1123 1807 1167 770

324 1183 484 1238 quippe
514 1182 590 1224 ubi
621 1182 759 1238 prima
791 1182 902 1238 perit
933 1182 1099 1238 alioque
1131 1189 1196 1223 est
1227 1183 1362 1224 altera
1392 1188 1496 1223 nata

323 1252 422 1294 inde
453 1257 583 1300 statu,
614 1252 728 1306 prior
759 1251 826 1292 hic
856 1258 1026 1307 gestum
1060 1257 1248 1293 mutasse
1279 1251 1458 1293 videtur.

324 1320 486 1362 scilicet
515 1319 558 1361 id
590 1319 681 1361 fieri
712 1319 836 1361 celeri
867 1320 1031 1361 ratione
1062 1320 1373 1375 putandumst:

323 1394 447 1431 tanta
477 1394 543 1431 est
577 1389 791 1430 mobilitas
822 1395 866 1430 et
898 1403 1039 1430 rerum
1070 1389 1192 1444 copia
1222 1394 1346 1430 tanta

324 1462 531 1513 tantaque
562 1457 754 1499 sensibili
786 1457 935 1512 quovis
967 1462 1031 1498 est
1062 1463 1254 1512 tempore
1286 1458 1330 1498 iu
1362 1471 1447 1499 uno
1723 1468 1802 1511 775

323 1525 445 1580 copia
473 1526 794 1581 particularum,
825 1531 875 1567 ut
905 1526 1040 1581 possit
1070 1526 1356 1581 suppeditare.

381 1594 626 1650 [Multaque
657 1595 702 1636 in
733 1595 800 1637 his
830 1595 958 1637 rebus
989 1602 1256 1651 quaeruntur
1285 1596 1508 1652 multaque
1538 1596 1660 1638 nobis

323 1662 624 1713 clarandumst,
654 1663 781 1719 plane
812 1664 848 1705 si
879 1678 945 1705 res
976 1679 1187 1719 exponere
1219 1679 1404 1706 avemus.

324 1731 547 1787 quaeritur
576 1731 622 1773 in
652 1731 803 1787 primis
834 1747 976 1787 quare,
1007 1733 1120 1787 quod
1151 1733 1306 1788 cuique
1336 1732 1469 1774 libido

324 1800 500 1850 venerit,
531 1801 747 1856 extemplo
778 1815 899 1842 mens
929 1802 1090 1857 cogitet
1122 1801 1214 1842 eius
1245 1801 1289 1843 id
1320 1801 1472 1857 ipsum.
1721 1804 1807 1854 780

325 1883 435 1911 anne
466 1869 731 1910 voluntatem
765 1874 954 1910 nostram
985 1869 1212 1910 simulacra
1242 1875 1422 1911 tuentur

324 1943 369 1980 et
399 1938 527 1979 simul
560 1952 608 1978 ac
639 1938 834 1979 volumus
865 1937 988 1979 nobis
1019 1938 1200 1979 occurrit
1231 1938 1383 1994 imago,

324 2005 360 2048 si
389 2021 517 2056 mare,
548 2006 584 2047 si
615 2012 768 2047 terrast
799 2006 924 2055 cordi,
956 2006 991 2048 si
1024 2007 1208 2062 denique
1239 2009 1439 2050 caelum?

325 2080 558 2116 conventus
590 2074 813 2116 hominum
845 2090 1044 2130 pompam
1077 2075 1271 2118 convivia
1301 2091 1478 2132 pugnas,

325 2142 468 2184 omnia
496 2143 576 2184 sub
607 2143 790 2184 verbone
821 2148 936 2184 creat
967 2149 1122 2184 natura
1151 2149 1393 2200 paratque?
1723 2147 1802 2199 785

323 2225 420 2253 cum
451 2211 702 2266 praesertim
734 2211 828 2252 aliis
859 2212 1008 2252 eadem
1040 2212 1085 2252 in
1116 2212 1287 2268 regione
1319 2213 1492 2268 locoque

324 2280 446 2335 longe
478 2280 696 2322 dissimilis
726 2281 896 2322 animus
926 2296 992 2322 res
1023 2281 1183 2337 cogitet
1213 2281 1358 2323 omnis.

324 2348 428 2404 quid
459 2363 593 2403 porro,
623 2348 669 2389 in
699 2363 927 2390 numerum
959 2350 1184 2404 procedere
1214 2365 1311 2392 cum
1342 2351 1570 2392 simulacra

323 2416 536 2457 cernimus
566 2416 613 2456 in
643 2416 800 2458 somnis
831 2422 876 2458 et
906 2417 1051 2458 mollia
1081 2417 1273 2459 membra
1303 2433 1483 2469 movere,

323 2484 468 2526 mollia
498 2485 714 2527 mobiliter
744 2500 841 2527 cum
872 2486 1047 2527 alternis
1078 2486 1273 2528 bracchia
1306 2487 1489 2528 mittunt
1723 2497 1806 2540 790

324 2560 369 2596 et
397 2560 601 2609 repetunt
631 2554 763 2596 oculis
792 2561 963 2611 gestum
994 2555 1102 2610 pede
1133 2556 1434 2597 convenienti?

209 2669 324 2702 Junt.:
348 2670 470 2702 Lamb.
487 2669 614 2702 Creeeh
628 2670 725 2703 Wak.
746 2671 792 2701 all
808 2670 953 2703 blunder
969 2671 1063 2711 sadly
1079 2671 1169 2703 here.
1374 2674 1392 2706 7
1397 2673 1436 2704 61
1452 2672 1600 2704 Rellicta
1613 2672 1685 2703 vita
1699 2671 1800 2704 Bern.

209 2725 262 2756 for
290 2725 438 2757 Reddita
466 2726 549 2762 vita,
581 2724 651 2757 and
680 2724 794 2757 before
824 2724 899 2756 him
929 2726 974 2756 Is.
1008 2725 1105 2756 Voss.
1130 2726 1167 2756 in
1190 2735 1254 2757 ms.
1278 2728 1377 2758 notes
1403 2727 1552 2758 ‘Relicta
1577 2727 1660 2763 vita,
1684 2725 1804 2757 malim

208 2780 327 2810 tamen
349 2779 498 2810 Reddita
520 2777 633 2810 media
654 2778 823 2818 producta
845 2781 884 2811 ut
909 2779 1127 2811 Salmasius’.
1173 2780 1323 2811 Reddita
1340 2790 1403 2820 pro
1426 2790 1457 2811 v.
1481 2779 1588 2811 Lach.
1640 2821 1643 2823 ‚
1741 2780 1804 2811 783

209 2834 238 2864 si
263 2837 384 2864 terrast
407 2833 498 2864 cordi
521 2832 584 2864 Ed.
613 2832 665 2864 for
687 2834 716 2863 si
746 2838 867 2864 terram
897 2834 1032 2865 cordist.
1079 2834 1122 2873 [si
1154 2838 1243 2864 terra
1271 2838 1317 2865 est
1348 2834 1439 2864 cordi
1469 2833 1567 2866 Pont.
1599 2832 1711 2864 before
1737 2842 1802 2870 me,

209 2895 247 2918 as
273 2886 290 2917 I
316 2895 393 2918 now
418 2886 517 2927 find.]
567 2886 640 2919 'Ehe
666 2887 850 2928 frequency
873 2888 956 2919 with
980 2887 1091 2919 which
1115 2897 1177 2919 our
1203 2897 1285 2918 mss.
1309 2886 1391 2919 thus
1417 2888 1596 2927 transpose
1622 2886 1693 2918 this
1714 2892 1745 2918 st
1774 2886 1804 2918 is

209 2950 288 2981 very
310 2940 539 2973 remarkable:
565 2951 620 2973 see
642 2941 747 2973 Lach.
771 2943 808 2973 to
831 2951 860 2973 11
881 2942 945 2974 275
968 2941 1044 2973 who
1067 2941 1150 2974 cites
1173 2943 1232 2973 ten
1255 2941 1446 2973 instances:
1471 2951 1509 2973 so
1533 2942 1606 2979 799,
1631 2941 1690 2974 the
1711 2951 1802 2982 repe-
