1997 3267
253 205 334 246 286
1030 202 1093 242 VI

365 309 576 351 cernimus
606 323 630 351 e
661 309 783 358 sucis,
814 308 897 349 alio
927 307 1087 349 nidoris
1118 308 1276 350 odores.

250 391 327 431 991
363 384 584 434 praeterea
614 392 786 419 manare
817 376 934 418 aliud
966 391 1042 432 per
1071 391 1174 418 saxa
1203 376 1387 426 videtur,
1762 387 1849 429 990

363 452 493 502 atque
524 445 642 486 aliud
673 445 812 500 lignis,
842 443 961 485 aliud
991 444 1172 485 transire
1204 459 1280 500 per
1310 459 1475 494 aurum,

363 520 626 571 argentoque
658 514 768 554 foras
799 512 917 554 aliud
949 512 1145 568 vitroque
1178 528 1328 554 meare.

364 599 462 626 nam
494 583 624 625 fluere
655 583 734 623 hac
764 582 937 637 species,
967 582 1064 624 illac
1095 583 1207 624 calor
1237 582 1297 624 ire
1330 583 1510 633 videtur,

251 663 330 706 995
365 659 496 708 atque
527 652 623 694 aliis
653 651 763 693 aliut
793 651 922 692 citius
952 652 1245 694 transmittere
1278 652 1438 694 eadem.

365 721 525 764 scilicet
554 720 598 762 id
630 719 723 762 fieri
753 719 868 776 cogit
899 725 1054 761 natura
1085 720 1250 761 viarum
1763 729 1844 774 995

367 789 631 831 multimodis
662 788 840 837 varians,
873 794 924 829 ut
954 788 1083 844 paulo
1114 788 1378 830 ostendimus
1408 795 1521 839 ante,

253 873 337 914 990
366 867 540 916 propter
570 859 822 901 dissimilem
854 865 1053 899 naturam
1085 864 1290 914 textaque
1320 874 1473 901 rerum.

253 931 335 981 998
424 927 706 982 Quapropter,
736 926 845 967 bene
876 926 952 967 ubi
984 926 1088 967 haee
1118 926 1370 968 confirmata
1399 933 1530 982 atque
1561 927 1699 969 locata

367 997 507 1038 omnia
539 995 812 1037 constiterint
842 996 965 1037 nobis
996 1002 1220 1052 praeposta
1250 1002 1411 1051 parata,

367 1066 477 1122 quod
508 1071 712 1121 superest,
743 1065 865 1107 facile
897 1065 996 1107 hinc
1025 1065 1134 1107 ratio
1166 1065 1372 1107 reddetur
1401 1072 1446 1107 et
1477 1065 1616 1108 omnis
1739 1076 1849 1108 1000

366 1148 493 1176 causa
522 1133 700 1189 patefiet
730 1148 840 1189 quae
870 1133 970 1175 ferri
1000 1134 1189 1189 pelliciat
1220 1133 1318 1175 vim.

367 1203 575 1259 principio
605 1203 736 1245 fluere
768 1218 790 1245 e
822 1203 962 1259 lapide
994 1203 1072 1244 hoc
1103 1203 1318 1258 permulta
1349 1208 1562 1246 necessest

367 1272 531 1315 semina
561 1271 648 1312 sive
679 1277 847 1312 aestum
879 1272 953 1327 qui
984 1272 1162 1313 discutit
1192 1286 1290 1313 aera
1320 1272 1469 1328 plagis,

367 1341 480 1383 inter
509 1340 583 1395 qui
615 1339 801 1395 lapidem
834 1340 1077 1396 ferrumque
1108 1346 1173 1382 est
1204 1355 1386 1396 cumque
1418 1341 1589 1383 locatus

370 1409 446 1451 hoe
477 1409 551 1450 ubi
582 1409 773 1450 inanitur
802 1409 991 1464 spatium
1023 1408 1272 1463 multusque
1304 1409 1458 1451 vacefit
1742 1419 1846 1462 1005

369 1479 413 1520 in
443 1479 583 1520 medio
614 1478 739 1527 locus,
772 1478 989 1534 extemplo
1019 1478 1252 1533 primordia
1285 1477 1384 1519 ferri

369 1547 411 1589 in
445 1562 624 1589 vacuum
656 1548 851 1604 prolapsa
881 1547 1041 1589 cadunt
1072 1547 1310 1596 coniuncta,
1343 1547 1393 1588 fit
1424 1552 1559 1603 utque

370 1617 524 1658 anulus
554 1617 644 1673 ipse
675 1622 880 1672 sequatur
910 1623 1066 1672 eatque
1097 1616 1160 1658 ita
1189 1631 1360 1672 corpore
1392 1623 1494 1659 toto.

370 1700 446 1727 nec
478 1700 543 1727 res
573 1685 662 1727 ulla
692 1685 828 1741 magis
859 1685 1117 1740 primoribus
1147 1699 1196 1728 ex
1225 1685 1449 1727 elementis

369 1753 623 1809 indupedita
652 1753 740 1795 suis
770 1759 862 1795 arte
893 1768 1053 1795 conexa
1083 1753 1281 1795 cohaeret
1743 1766 1851 1797 1010

370 1837 496 1878 quam
531 1822 659 1864 validi
690 1822 788 1864 ferri
820 1827 974 1863 natura
1005 1828 1050 1864 et
1081 1822 1262 1879 frigidus
1293 1823 1445 1865 horror.

370 1906 453 1947 quo
484 1892 626 1933 minus
656 1897 721 1933 est
751 1892 921 1941 mirum,
952 1891 1065 1947 quod
1096 1892 1201 1941 dico,
1232 1892 1329 1933 ibus
1360 1906 1412 1934 ex
1443 1892 1666 1934 elementis

370 1973 543 2014 corpora
572 1959 606 2000 si
638 1965 861 2014 nequeunt
891 1974 914 2001 e
946 1959 1054 2001 ferro
1084 1959 1208 2015 plura
1237 1966 1380 2001 coorta

370 2029 414 2071 in
448 2043 627 2070 vacuum
659 2029 768 2078 ferri,
800 2029 903 2085 quin
934 2030 1088 2071 anulus
1118 2029 1207 2086 ipse
1241 2036 1469 2086 sequatur;

371 2097 482 2153 quod
513 2096 626 2146 facit,
656 2103 701 2139 et
731 2098 937 2153 sequitur,
967 2098 1100 2140 donec
1131 2099 1327 2154 pervenit
1358 2099 1411 2140 ad
1442 2099 1585 2155 ipsum
1742 2112 1845 2154 1015

371 2167 456 2207 iam
487 2166 672 2222 lapidem
704 2167 922 2223 caecisque
953 2168 998 2209 in
1029 2182 1078 2209 eo
1108 2168 1385 2224 compagibus
1417 2168 1566 2212 haesit.

373 2235 450 2276 hoc
480 2235 530 2277 fit
560 2235 674 2277 idem
705 2243 880 2278 cunctas
911 2236 956 2278 in
986 2237 1132 2292 partis,
1163 2237 1276 2279 unde
1308 2237 1462 2279 vacefit

372 2317 552 2359 cumque
583 2304 709 2353 locus,
740 2304 829 2345 sive
861 2320 883 2346 e
914 2310 1153 2346 transverso
1184 2305 1273 2347 sive
1305 2320 1486 2361 superne

257 2487 322 2516 two
346 2484 422 2516 Vat.
469 2485 589 2516 munda
611 2484 702 2516 Nice.
750 2495 801 2517 res
825 2487 946 2517 munda
968 2486 1090 2518 Lamb.
1323 2487 1386 2520 986
1410 2488 1472 2521 987
1496 2488 1576 2525 alio,
1601 2489 1745 2530 alioque,
1769 2491 1849 2522 alio.

257 2539 339 2575 alia,
357 2539 501 2578 aliaque,
521 2538 594 2569 alia
609 2538 729 2571 Lamb.
947 2540 1010 2572 988
1026 2541 1197 2574 9892995
1213 2541 1276 2574 996
1295 2541 1371 2581 (996
1388 2541 1474 2583 997).
1672 2545 1732 2576 991
1751 2545 1851 2584 liquis

257 2591 352 2622 Wak.
372 2591 478 2622 Lach.
496 2591 548 2622 for
570 2593 669 2630 iynis.
716 2593 819 2632 tiynis
840 2593 930 2624 Flor.
948 2594 989 2625 31
1014 2593 1132 2626 Camb.
1158 2594 1242 2626 Mar.
1259 2593 1336 2626 Ald.
1355 2596 1371 2625 1
1389 2595 1486 2627 Junt.
1527 2605 1589 2636 per
1613 2597 1706 2637 liqna
1728 2597 1847 2631 Lamb.

299 2646 362 2678 997
380 2645 467 2687 (990)
483 2645 557 2677 first
573 2645 691 2686 placed
706 2646 786 2678 here
800 2647 844 2687 by
859 2647 978 2679 Lamb.
996 2651 1058 2680 not
1073 2648 1170 2680 Wak.
1348 2650 1432 2682 1001
1445 2651 1601 2690 pelliciat
1615 2652 1684 2682 vim
1698 2651 1790 2684 Flor.
1807 2652 1849 2684 31

258 2699 376 2730 Gamb.
393 2699 476 2731 Mar.
496 2700 548 2731 101·
558 2702 755 2740 peliciatum
771 2701 811 2738 B,
824 2703 1044 2742 perliceatum
1059 2703 1099 2734 A.
1254 2704 1339 2736 1006
1348 2706 1438 2745 ferri
1454 2705 1545 2737 Flor.
1562 2707 1602 2737 31
1617 2706 1733 2738 Gamb.
1750 2707 1850 2740 Pont.

257 2753 342 2785 Mar.
360 2753 411 2785 for
420 2754 523 2793 ferre.
671 2755 754 2787 1007
761 2756 808 2796 fit
822 2761 923 2796 utque
940 2756 1025 2788 Mar.
1042 2757 1187 2797 Nauger.
1206 2758 1256 2789 for
1265 2759 1309 2799 fit
1324 2764 1361 2790 ut
1377 2760 1446 2800 qui.
1592 2760 1676 2793 1009
1691 2771 1732 2792 ex
1743 2761 1852 2794 added

259 2806 300 2846 by
323 2806 351 2836 B
373 2815 457 2837 corr.
474 2806 564 2837 Flor.
581 2808 621 2838 31
646 2807 746 2839 Pont.
763 2808 847 2839 Mar.
895 2815 971 2841 tunc
995 2810 1112 2842 Camb.
1375 2813 1457 2844 1011
1481 2819 1603 2844 natura
1625 2819 1656 2845 et
1678 2813 1776 2846 Wak.
1799 2815 1851 2846 for

259 2864 408 2890 naturae.
590 2861 673 2892 1012
690 2862 777 2901 quod
793 2863 877 2901 dico,
897 2864 970 2894 ibus
985 2874 1025 2895 ex
1042 2865 1206 2895 elementis
1222 2863 1284 2897 Ed.
1307 2865 1359 2896 for
1375 2867 1461 2906 quod
1477 2867 1604 2898 dicitur
1617 2877 1657 2898 ea:
1672 2868 1848 2901 elementis.

259 2923 320 2953 quo
344 2914 477 2944 ducitur
498 2913 603 2945 Lach.
626 2914 738 2946 which
761 2914 778 2945 Ι
802 2915 844 2947 do
866 2919 928 2947 not
951 2916 1171 2949 understand.
1220 2920 1308 2958 quod
1325 2920 1430 2959 paulo
1457 2921 1602 2951 diximus
1629 2926 1705 2953 ante
1731 2921 1850 2954 Lamb.

258 2966 379 3006 wildly.
524 2969 610 3007 quod
626 2969 771 3006 ducitur,
788 2970 843 3009 [etc
858 2971 1037 3012 elementis]
1052 2972 1153 3004 Bern.
1311 2974 1394 3005 1013
1409 2984 1425 3006 e
1435 2975 1529 3014 ferro
1543 2974 1572 3005 B
1588 2974 1707 3006 Camb.
1723 2975 1850 3008 Avanc.

1976 3221 1997 3267 ’ΔΡ
1969 3058 1997 3205 &eff-fin
1981 2967 1997 3045 α-Ἁκ
1986 2923 1994 2953 .·
