1997 3267
245 226 325 266 260
1022 222 1085 263 VI

354 335 467 392 quod
498 335 596 378 solis
627 350 758 391 vapor
788 340 976 377 aetatem
1007 349 1094 376 non
1125 348 1248 390 posse
1280 333 1453 375 videtur

354 406 518 448 efficere
551 419 686 460 usque
718 403 825 446 adeo
855 404 1021 460 pellens
1053 403 1216 445 fervore
1250 418 1447 445 corusco:

354 480 478 517 tanto
509 473 708 515 mobilior
740 473 802 514 vis
834 478 879 514 et
909 472 1200 514 dominantior
1233 472 1338 514 haec
1369 477 1446 514 est.

415 541 545 583 Nunc
577 555 627 582 ea
657 556 741 596 quo
773 547 898 596 pacto
929 540 1166 596 gignantur
1197 547 1242 581 et
1273 540 1434 596 impete
1466 546 1590 584 tanto

355 612 463 653 fiant
495 617 546 653 ut
576 611 742 667 possint
774 610 865 652 ictu
896 609 1135 652 discludere
1168 609 1309 659 turris,
1772 621 1858 664 240

356 680 600 723 disturbare
633 680 791 729 domos,
823 678 1006 720 avellere
1041 678 1164 735 tigna
1194 678 1435 734 trabesque,

357 756 401 790 et
433 747 701 789 monimenta
732 746 872 788 virum
904 746 1100 788 demoliri
1131 752 1262 802 atque
1294 761 1493 797 cremare,

357 817 602 860 exanimare
635 816 842 866 homines,
873 816 1059 871 pecudes
1090 821 1358 872 prosternere
1389 816 1560 872 passim,

359 893 502 929 cetera
533 886 586 928 de
617 900 773 943 genere
806 886 884 927 hoc
915 900 1001 941 qua
1031 885 1074 926 vi
1105 885 1243 927 facere
1275 885 1420 927 omnia
1449 879 1624 941 possint,

358 955 598 1012 expediam,
629 970 769 1010 neque
801 960 839 997 te
870 954 915 995 in
946 954 1164 1010 promissis
1195 954 1319 1010 plura
1352 954 1553 996 morabor.
1772 963 1855 1008 245

417 1025 618 1068 Fulmina
649 1025 818 1081 gignier
849 1039 872 1066 e
903 1024 1054 1066 crassis
1085 1024 1256 1080 alteque
1288 1024 1575 1080 putandumst

359 1096 549 1138 nubibus
581 1095 814 1146 extructis;
855 1109 955 1135 nam
988 1093 1104 1135 caelo
1134 1093 1254 1134 nulla
1285 1108 1433 1135 sereno

358 1180 438 1207 nec
470 1164 622 1206 leviter
653 1163 796 1205 densis
827 1163 1066 1204 mittuntur
1096 1162 1285 1204 nubibus
1316 1177 1533 1218 umquam.

361 1250 461 1276 nam
493 1234 624 1276 dubio
656 1233 802 1289 procul
834 1232 914 1274 hoc
944 1232 1037 1274 fieri
1068 1232 1298 1274 manifesta
1327 1231 1451 1274 docet
1481 1247 1547 1274 res
1564 1247 1575 1284 ;

363 1304 477 1361 quod
508 1310 603 1346 tum
635 1318 711 1359 per
742 1310 883 1344 totum
915 1309 1193 1343 concrescunt
1224 1316 1323 1343 aera
1352 1301 1500 1350 nubes,
1775 1311 1862 1355 250

362 1376 555 1431 undique
586 1374 653 1416 uti
684 1374 885 1416 tenebras
917 1373 1055 1414 omnis
1085 1372 1337 1414 Acherunta
1366 1386 1536 1413 reamur

366 1445 540 1501 liquisse
573 1450 617 1485 et
648 1458 826 1499 magnas
857 1442 964 1484 caeli
995 1442 1226 1497 complesse
1258 1455 1482 1483 cavernas:

364 1528 500 1570 usque
531 1513 637 1555 adeo
669 1518 810 1554 taetra
840 1511 1085 1552 nimborum
1116 1515 1241 1552 nocte
1273 1516 1416 1551 coorta

365 1583 604 1640 inpendent
635 1589 754 1624 atrae
786 1581 1026 1623 formidinis
1058 1596 1131 1621 ora
1161 1594 1369 1634 superne:

366 1669 463 1696 cum
495 1651 731 1695 commoliri
763 1657 999 1705 tempestas
1030 1648 1211 1690 fulmina
1242 1654 1425 1703 coeptat.
1777 1657 1859 1701 255

366 1730 588 1780 praeterea
619 1735 822 1778 persaepe
852 1720 976 1776 niger
1007 1733 1177 1775 quoque
1209 1733 1284 1774 per
1316 1732 1432 1760 mare
1462 1718 1646 1768 nimbus,

367 1799 417 1835 ut
448 1792 555 1849 picis
586 1807 608 1833 e
641 1791 756 1833 caelo
787 1790 1022 1831 demissum
1054 1788 1228 1838 flumen,
1258 1787 1304 1829 in
1335 1787 1473 1829 undas

367 1863 427 1904 sic
458 1861 574 1903 cadit
605 1861 782 1902 effertus
814 1858 1004 1901 tenebris
1035 1857 1182 1913 procul
1214 1863 1259 1899 et
1289 1856 1426 1898 trahit
1457 1863 1595 1898 atram

368 1931 622 1974 fulminibus
652 1929 874 1987 gravidam
907 1933 1213 1984 tempestatem
1244 1932 1376 1982 atque
1407 1925 1613 1981 procellis,

368 2001 543 2058 ignibus
574 2015 622 2042 ac
656 1999 795 2041 ventis
825 2013 924 2040 cum
955 1997 1105 2053 primis
1136 1996 1227 2052 ipse
1258 1996 1460 2051 repletus,
1780 1995 1866 2037 260

368 2070 415 2112 in
446 2076 560 2112 terra
590 2083 760 2125 quoque
792 2074 843 2110 ut
874 2068 1120 2109 horrescant
1151 2080 1199 2107 ac
1230 2071 1346 2107 tecta
1376 2064 1608 2119 requirant.

371 2140 430 2182 sic
460 2139 597 2195 igitur
627 2153 782 2194 supera
812 2144 1007 2179 nostrum
1039 2141 1170 2192 caput
1202 2150 1293 2177 esse
1323 2134 1610 2191 putandumst

373 2214 679 2264 tempestatem
711 2206 857 2248 altam.
900 2220 1040 2261 neque
1072 2205 1188 2246 enim
1219 2203 1401 2260 caligine
1432 2208 1557 2245 tanta

371 2277 601 2320 obruerent
632 2282 779 2325 terras,
810 2274 893 2317 nisi
923 2274 1196 2316 inaedificata
1226 2287 1409 2329 superne

257 2413 296 2440 ut
311 2409 505 2439 insinuatur
521 2406 614 2438 Nice.
632 2406 723 2437 Flor.
742 2406 782 2436 31
801 2404 918 2437 Camb.
938 2404 1049 2444 vulg:
1074 2403 1136 2434 but
1152 2408 1189 2434 ut
1205 2403 1257 2434 for
1268 2403 1327 2433 ubi
1342 2402 1373 2433 is
1389 2403 1452 2433 not
1472 2400 1668 2432 Lucretian.
1801 2398 1866 2434 237

254 2463 381 2503 pellens
405 2461 471 2492 Ed.
495 2460 548 2492 for
573 2461 699 2492 zellens.
747 2459 864 2490 tollens
886 2458 917 2489 A
940 2467 1025 2489 corr.
1042 2456 1136 2488 Nico.
1179 2456 1308 2496 ponens
1333 2454 1456 2486 Lamb.
1481 2455 1571 2494 vulg.
1595 2453 1700 2486 Lach.
1745 2455 1866 2487 cellens

259 2516 358 2548 Wak.
534 2515 595 2545 241
622 2515 717 2554 tigna
741 2512 862 2545 Lamb.
879 2512 954 2544 first
973 2512 1046 2554 (not
1061 2511 1153 2542 Flor.
1171 2511 1226 2553 31)
1244 2511 1296 2542 for
1312 2511 1403 2550 iqna.
1454 2509 1548 2549 liqna
1562 2507 1654 2541 Nice.
1675 2508 1763 2540 later
1782 2518 1867 2541 mss.

260 2571 329 2603 and
345 2570 414 2603 eds.
433 2569 548 2601 before
563 2568 685 2600 Lamb.
854 2568 916 2598 242
933 2568 1086 2598 demoliri
1104 2566 1189 2602 Mar.
1209 2564 1285 2598 Ald.
1307 2565 1325 2596 1
1343 2564 1442 2595 Junt.
1459 2563 1511 2595 for
1526 2564 1724 2595 commoliri:
1749 2572 1867 2603 prepo-

261 2625 385 2657 sitions
408 2634 500 2656 seem
524 2623 618 2655 often
641 2626 677 2654 to
698 2622 738 2653 be
758 2621 975 2653 confounded
993 2621 1031 2652 in
1053 2630 1117 2652 our
1137 2629 1220 2651 mss.
1267 2628 1410 2651 cremare
1425 2617 1491 2649 Ed.
1508 2617 1561 2648 for
1575 2619 1661 2649 ciere
1677 2616 1789 2648 which
1804 2616 1868 2650 has

260 2688 306 2710 no
322 2677 500 2718 meaning:
527 2676 586 2708 the
607 2677 674 2707 last
694 2675 823 2713 letters,
840 2674 953 2706 which
973 2684 1059 2706 were
1079 2684 1124 2706 on
1147 2673 1206 2706 the
1224 2672 1361 2705 'outside
1383 2672 1518 2713 margin
1537 2672 1572 2704 of
1592 2670 1664 2703 this
1683 2671 1743 2703 the
1763 2670 1869 2704 259th

260 2744 347 2775 page
369 2734 406 2765 of
427 2733 486 2764 the
509 2732 703 2772 archetype,
720 2740 804 2762 were
827 2730 905 2762 lost.
953 2731 1099 2761 lamenta
1124 2728 1228 2761 Lach.
1250 2729 1302 2760 for
1317 2730 1535 2760 monimenta:
1560 2736 1581 2758 a
1596 2726 1725 2758 violent
1739 2725 1870 2766 change

263 2789 374 2821 which
397 2788 551 2828 destroys
575 2786 635 2817 the
657 2785 766 2817 whole
789 2785 880 2816 force
903 2785 941 2816 of
961 2784 1020 2816 the
1042 2794 1196 2824 passage.
1374 2782 1436 2813 245
1461 2787 1491 2813 te
1515 2780 1624 2813 added
1644 2781 1690 2822 by
1710 2780 1801 2812 Flor.
1825 2780 1867 2812 31

264 2842 381 2874 Camb.
398 2842 499 2873 Pont.
516 2841 600 2872 Mar.
759 2839 821 2871 246
845 2840 977 2879 yiynier
992 2838 1079 2870 Mar.
1096 2838 1172 2869 Ald.
1191 2837 1209 2868 1
1226 2837 1322 2869 Junt.
1343 2837 1396 2868 for
1412 2838 1519 2876 yiyni.
1563 2845 1650 2868 nunc
1665 2837 1759 2875 yiym'
1775 2835 1868 2866 Flor.

265 2899 305 2929 31
322 2896 441 2929 Camb.
487 2897 608 2927 crassis
624 2894 716 2926 Nicc.
738 2893 790 2925 for
805 2895 933 2925 classis.
1072 2893 1135 2923 250
1160 2897 1227 2923 tum
1251 2891 1357 2923 Lach.
1375 2892 1428 2922 for
1445 2896 1533 2922 tunc.
1675 2891 1736 2922 257
1752 2890 1868 2922 demis·

265 2961 336 2982 sum
357 2952 484 2990 flumen
508 2950 604 2981 Junt.
633 2949 685 2979 for
708 2949 880 2979 dimissum
897 2948 1040 2988 fulmen.
1086 2948 1261 2978 demissum
1281 2947 1414 2986 fulmen
1437 2945 1522 2976 Mar.
1546 2945 1673 2977 Avanc.
1701 2944 1812 2976 which
1838 2943 1869 2976 is

264 3003 422 3044 repeated
444 3013 482 3035 as
505 3012 526 3034 a
548 3001 737 3034 correction
760 3003 797 3033 at
820 3000 880 3032 the
903 3000 970 3031 end
993 3000 1031 3032 of
1056 2999 1113 3032 his
1137 3000 1295 3031 Catullus
1317 2999 1387 3032 and
1408 3003 1502 3032 must
1524 2999 1566 3030 be
1589 3008 1610 3031 a
1631 2998 1792 3039 misprint
1815 2994 1870 3030 for
