1997 3267
934 112 996 154 IV
1694 127 1770 169 197

289 219 439 274 pocula
469 219 625 269 crebra,
656 225 878 274 unguenta
907 233 1083 261 coronae
1114 226 1228 261 serta
1259 227 1477 275 parantur,

289 287 562 342 nequiquam,
595 286 796 342 quoniam
829 286 969 327 medio
1000 286 1052 327 de
1084 286 1200 328 fonte
1235 287 1426 343 leporum

289 355 427 410 surgit
457 355 591 396 amari
622 354 777 409 aliquit
808 354 920 410 quod
952 354 997 395 in
1028 354 1132 410 ipsis
1163 355 1337 397 floribus
1367 363 1511 412 angat,

289 427 366 463 aut
396 437 493 463 cum
524 422 714 463 conscius
745 421 836 477 ipse
868 421 1036 463 animus
1066 436 1110 463 se
1142 422 1250 464 forte
1281 423 1493 465 remordet
1665 438 1737 478 113
1747 437 1765 479 5

289 489 497 531 desidiose
527 503 653 546 agere
684 494 873 530 aetatem
907 488 1139 544 lustrisque
1170 489 1319 544 perire,

289 564 364 600 aut
396 559 507 614 quod
540 559 585 599 in
616 557 819 614 ambiguo
850 557 1028 599 verbum
1060 558 1244 599 iaculata
1274 558 1451 614 reliquit

289 627 400 682 quod
433 626 586 682 cupido
616 626 805 667 adfixum
837 625 951 667 cordi
982 626 1158 667 vivescit]
1190 632 1240 667 ut
1270 626 1394 683 ignis,

289 700 365 736 aut
396 695 578 736 nimium
609 695 767 736 iactare
799 694 940 736 oculos
970 694 1158 736 aliumve
1190 695 1303 736 tueri

290 763 402 819 quod
433 768 561 819 putat
592 763 636 803 in
668 763 872 817 voltuque
904 761 1022 804 videt
1052 762 1235 819 vestigia
1265 764 1385 805 risus.
1664 779 1771 819 1140

347 833 491 887 Atque
525 832 570 872 in
600 846 742 873 amore
773 832 886 873 mala
918 831 1021 873 haec
1052 832 1220 887 proprio
1251 848 1500 889 summeque
1532 835 1716 877 secundo

288 901 592 953 inveniuntur3
633 901 678 942 in
709 901 886 943 adverso
918 915 1016 942 vero
1047 908 1177 957 atque
1209 902 1327 957 inopi
1357 908 1469 954 sunt,

289 971 494 1026 prendere
527 985 636 1025 quae
667 970 799 1026 possis
831 970 1047 1011 oculorum
1080 970 1242 1012 lumine
1274 976 1432 1026 operto,

290 1039 642 1091 innumerabilia3
682 1044 732 1080 ut
763 1038 916 1080 melius
947 1039 1124 1095 vigilare
1155 1039 1211 1080 sit
1242 1046 1355 1089 ante,

290 1123 375 1164 qua
404 1107 529 1150 docui
558 1108 735 1158 ratione,
766 1122 998 1163 cavereque
1031 1123 1083 1149 ne
1115 1107 1327 1150 inliciaris.
1664 1121 1766 1163 1145

289 1191 389 1218 nam
420 1176 568 1225 vitare,
599 1175 746 1232 plagas
777 1175 821 1216 in
853 1175 1007 1216 amoris
1038 1190 1091 1217 ne
1123 1175 1339 1225 iaciamur,

289 1258 374 1285 non
404 1244 466 1285 ita
496 1244 666 1285 difficile
698 1249 763 1285 est
794 1258 923 1299 quam
954 1249 1129 1299 captum
1160 1243 1324 1284 retibus
1355 1243 1459 1299 ipsis

290 1313 405 1354 exire
435 1318 479 1354 et
509 1313 671 1354 validos
702 1312 881 1354 Veneris
913 1327 1185 1368 perrumpere
1215 1312 1356 1354 nodos.

290 1388 334 1424 et
364 1387 510 1424 tamen
541 1382 776 1438 implicitus
808 1396 976 1437 quoque
1007 1382 1141 1437 possis
1172 1382 1300 1437 inque
1332 1381 1502 1436 peditus

290 1451 476 1506 effugere
507 1451 723 1501 infestum,
754 1451 836 1492 nisi
868 1456 963 1492 tute
995 1450 1076 1492 tibi
1106 1450 1256 1492 obvius
1286 1451 1429 1492 obstes
1665 1462 1772 1504 1150

291 1528 335 1561 et
365 1520 684 1576 praetermittas
715 1520 848 1562 animi
882 1520 987 1561 vitia
1017 1520 1160 1561 omnia
1190 1521 1378 1575 primum

289 1594 366 1630 aut
396 1603 505 1644 quae
536 1588 708 1644 corpori'
740 1595 841 1630 sunt
873 1589 977 1638 eius,
1006 1590 1175 1644 siquam
1206 1589 1319 1644 petis
1349 1604 1397 1630 ac
1428 1588 1499 1630 vis.

291 1673 389 1699 nam
421 1658 584 1700 faciunt
615 1658 810 1699 homines
840 1658 1093 1714 plerumque
1124 1658 1324 1713 cupidine
1356 1657 1481 1707 caeci,

290 1732 335 1768 et
365 1727 564 1769 tribuunt
595 1742 645 1768 ea
676 1741 784 1782 quae
815 1741 900 1768 non
931 1732 1032 1768 sunt
1063 1727 1129 1768 his
1160 1727 1380 1768 commoda
1410 1741 1517 1768 vere.

292 1795 557 1837 multimodis
587 1795 722 1852 igitur
752 1810 904 1851 pravas
935 1795 1158 1850 turpisque
1189 1795 1384 1836 videmus
1663 1804 1765 1847 1155

291 1879 381 1906 esse
411 1865 457 1906 in
487 1865 651 1906 deliciis
682 1880 933 1920 summoque
964 1865 1009 1905 in
1040 1865 1197 1906 honore
1228 1865 1381 1921 vigere.

291 1939 421 1989 atque
452 1933 556 1975 alios
586 1934 660 1975 alii
690 1934 878 1975 inrident
910 1934 1207 1989 Veneremque
1239 1933 1422 1975 suadent

291 2007 342 2044 ut
372 2003 554 2058 placent,
586 2003 786 2058 quoniam
820 2003 940 2045 foedo
971 2003 1247 2044 adflictentur
1277 2017 1430 2052 amore,

292 2087 368 2113 nec
399 2087 476 2113 sua
505 2072 741 2127 respiciunt
771 2072 915 2113 miseri
946 2072 1058 2113 mala
1088 2071 1274 2112 maxima
1304 2085 1440 2126 saepe.

290 2139 414 2196 nigra
443 2140 672 2182 melichrus
703 2146 778 2190 est,
809 2140 1018 2182 inmunda
1047 2145 1092 2181 et
1123 2139 1256 2181 fetida
1286 2152 1484 2188 acosmos,
1666 2137 1771 2179 1160

292 2209 430 2250 caesia
460 2209 712 2258 Palladium,
742 2224 920 2250 nervosa
950 2214 994 2250 et
1024 2209 1168 2264 lignea
1197 2208 1354 2257 dorcas,

291 2278 479 2333 parvula,
510 2277 701 2333 pumilio,
734 2278 928 2319 chariton
958 2277 1056 2326 mia,
1087 2282 1180 2318 tota
1209 2290 1375 2317 merum
1406 2275 1477 2324 sal,

292 2362 449 2403 magna
478 2352 608 2401 atque
639 2347 824 2388 inmanis
855 2345 1089 2402 cataplexis
1119 2345 1330 2401 plenaque
1362 2343 1541 2385 honoris.

292 2415 419 2457 balba
448 2415 565 2471 loqui
594 2430 679 2457 non
710 2415 816 2471 quit,
849 2416 1028 2465 traulizi,
1060 2420 1182 2456 muta
1211 2414 1376 2470 pudens
1406 2420 1495 2464 est3

293 2490 339 2525 at
370 2483 552 2539 flagrans
582 2484 727 2525 odiosa
757 2484 981 2539 loquacula
1011 2482 1296 2538 Lampadium
1327 2481 1388 2523 fit.
1665 2481 1767 2531 1165

293 2552 470 2594 ischnon
500 2553 743 2594 eromenion
774 2559 868 2594 tum
900 2554 960 2602 fit,
994 2567 1092 2594 cum
1122 2551 1265 2593 vivere
1295 2566 1381 2592 non
1411 2550 1506 2606 quit

224 2653 306 2684 1141
330 2654 420 2684 mala
436 2654 515 2685 haec
530 2653 621 2685 Flor.
642 2654 682 2685 31
699 2653 817 2685 camb.
835 2654 854 2684 2
870 2654 945 2686 Vat.
965 2653 1065 2685 Pont.
1083 2652 1169 2684 Mar.
1186 2652 1239 2684 for
1253 2653 1338 2683 male
1355 2652 1445 2683 haec.
1587 2649 1669 2680 1145
1692 2649 1772 2680 inli-

178 2709 284 2739 ciarz's
314 2707 390 2740 Ald.
426 2708 456 2745 1,
487 2709 539 2740 ill.
574 2707 660 2740 Mar.
691 2708 787 2740 Junt.
822 2708 874 2739 for
903 2708 1115 2748 inliyniaris:
1154 2716 1192 2739 so
1222 2716 1265 2738 111
1295 2706 1357 2737 553
1394 2706 1567 2745 linquntur
1600 2713 1681 2736 mss.
1719 2703 1772 2735 for

183 2764 342 2795 licuntur.
445 2761 529 2792 1152
545 2762 613 2792 Aut
627 2760 732 2792 Lach.
750 2761 803 2792 for
826 2762 879 2793 Ut.
924 2763 972 2792 Et
988 2761 1087 2792 Pont.
1103 2760 1190 2792 Mar.
1237 2761 1319 2791 Tum
1333 2759 1477 2799 Nauger.
1498 2758 1586 2797 vulg.
1631 2758 1660 2788 si
1677 2767 1775 2798 quam

178 2819 267 2858 petis
292 2815 397 2848 Lach.
422 2815 475 2847 for
503 2826 601 2856 quam
618 2817 787 2856 praepetis
813 2816 843 2846 A
865 2814 958 2847 Nico.
981 2814 1074 2846 Flor.
1099 2815 1139 2846 31
1168 2813 1283 2846 Camb.
1332 2823 1430 2854 quam
1447 2813 1559 2853 precis
1584 2811 1625 2843 B.
1676 2821 1775 2852 quam

177 2870 333 2911 percupis
348 2868 468 2901 Lamb.
605 2869 688 2901 1156
704 2869 834 2901 deliciis
851 2868 965 2900 Camb.
988 2867 1073 2899 Mar.
1090 2867 1143 2899 for
1159 2868 1302 2899 delictis.
