1997 3267
181 152 239 201 64
974 149 996 190 I

297 272 376 299 nec
406 263 554 299 tamen
585 257 825 299 admiscent
855 257 900 298 in
932 273 1078 299 eorum
1110 272 1262 313 corpus
1294 257 1445 308 inane3
1704 268 1783 311 745

298 328 453 370 deinde
485 327 598 382 quod
630 327 802 368 omnino
835 327 965 368 finem
997 342 1082 368 non
1113 341 1204 368 esse
1237 325 1428 368 secandis

299 396 543 452 corporibus
576 396 738 437 faciunt
769 411 907 451 neque
939 410 1116 451 pausam
1149 399 1261 436 stare
1294 394 1448 450 fragori

297 481 377 507 nec
408 480 601 521 prorsum
633 465 678 505 in
708 465 836 506 rebus
868 465 1095 505 minimum
1127 464 1356 505 consistere
1389 463 1639 518 quicqzcam;

300 550 397 577 cum
429 534 650 575 videamus
681 533 725 574 id
757 540 996 575 extremum
1029 533 1235 588 cuiusque
1268 547 1472 573 cacumen

300 618 391 645 esse
423 602 536 658 quod
567 602 620 643 ad
652 617 800 644 sensus
832 609 997 644 nostros
1027 602 1255 643 minimum
1289 617 1378 643 esse
1411 601 1591 650 videtur,
1705 612 1789 654 750

301 671 490 713 conicere
523 678 572 712 ut
605 671 738 726 possis
770 685 820 711 ex
853 671 942 720 hoc,
975 686 1083 726 quae
1115 685 1286 712 cernere
1318 685 1403 710 non
1435 670 1530 725 quis

301 746 541 782 extremum
573 740 684 795 quod
718 739 890 788 habent,
922 739 1150 780 minimum
1182 739 1411 780 consistere
1442 739 1488 780 in
1517 739 1617 780 illis.

300 810 384 851 huc
415 809 579 850 accedit
611 809 729 858 item,
760 809 962 863 quoniam
994 809 1225 864 primordia
1255 823 1396 849 rerum

302 877 446 919 mollia
477 877 760 927 constituunt,
791 892 900 932 quae
931 892 1007 918 nos
1037 877 1186 918 nativa
1217 877 1413 919 videmus

303 961 392 988 esse
425 951 468 987 et
500 946 669 987 mortali
701 961 799 987 cum
831 961 1001 1001 corpore
1033 946 1239 995 funditus,
1270 947 1397 1001 utqui
1707 956 1786 999 755

302 1014 458 1055 debeat
489 1014 543 1055 ad
574 1014 711 1055 nilum
743 1013 830 1054 iam
862 1029 1004 1055 rerum
1035 1029 1203 1055 summa
1234 1014 1392 1055 reverti

302 1082 355 1124 de
387 1082 558 1137 niloque
590 1088 740 1123 renata
771 1082 983 1138 vigescere
1015 1082 1136 1137 copia
1166 1097 1331 1133 rcrum3

305 1167 486 1208 quorum
519 1158 752 1207 utrumque
785 1152 887 1207 quid
920 1167 944 1192 a
977 1166 1074 1193 vero
1106 1152 1190 1192 iam
1224 1152 1355 1193 distet
1390 1151 1570 1194 habebis.

304 1221 459 1263 deinde
490 1221 664 1262 inimica
695 1221 830 1262 modis
862 1221 1012 1261 multis
1043 1227 1145 1262 sunt
1177 1228 1306 1276 atque
1341 1236 1500 1263 veneno

304 1291 397 1347 ipsa
428 1290 509 1331 sibi
540 1290 654 1331 inter
685 1305 752 1341 seg
793 1305 923 1345 quare
955 1297 1032 1331 aut
1064 1305 1288 1347 congressa
1318 1291 1521 1346 peribunt
1708 1291 1792 1344 760

305 1364 382 1401 aut
412 1359 476 1400 ita
505 1358 736 1413 diffugient
768 1364 816 1399 ut
849 1364 1107 1414 tempestate
1139 1366 1285 1400 coacta

306 1426 488 1468 fulmina
518 1426 725 1482 diffugere
758 1433 887 1482 atque
919 1427 1068 1468 imbris
1100 1434 1334 1482 ventosque
1367 1427 1569 1469 videmus.

365 1495 563 1550 Denique
597 1501 802 1550 quattuor
833 1509 884 1536 ex
916 1495 1043 1537 rebus
1074 1495 1110 1537 si
1142 1502 1296 1537 cuncta
1327 1502 1526 1538 creantur

305 1570 437 1620 atque
468 1564 513 1606 in
544 1579 613 1606 eas
644 1580 810 1606 rursum
843 1579 910 1607 res
941 1565 1084 1606 onmia
1114 1565 1419 1616 dissoluuntur,

307 1633 381 1688 qui
413 1633 548 1689 magis
580 1633 653 1674 illa
684 1639 849 1688 queunt
880 1649 1022 1675 rerum
1056 1634 1285 1688 primordia
1315 1634 1400 1676 dici
1708 1637 1787 1690 765

307 1717 436 1757 quam
468 1708 615 1744 contra
645 1718 710 1744 res
742 1703 910 1744 illorum
941 1710 1138 1758 retroque
1170 1703 1344 1758 putari?

307 1772 483 1813 alternis
513 1772 753 1828 gignuntur
783 1772 898 1813 enim
929 1778 1187 1828 mutantque
1218 1773 1400 1814 colorem

307 1845 352 1881 et
384 1846 518 1881 totam
551 1841 664 1881 inter
694 1855 737 1882 se
769 1847 968 1882 naturam
1000 1846 1191 1895 tempore
1223 1841 1276 1882 ab
1309 1841 1434 1883 omni.

307 1907 374 1949 sin
404 1908 467 1949 ita
497 1910 604 1949 forte
635 1914 762 1964 putas
793 1908 905 1964 ignis
935 1914 1158 1963 terraeque
1191 1909 1300 1949 coire
1708 1921 1793 1964 770

195 2062 271 2083 sum
291 2051 357 2084 hoc
376 2052 462 2090 loco,
484 2053 542 2084 ubi
563 2053 692 2085 habent
706 2055 831 2093 fruyis,
849 2063 958 2093 neque
978 2053 1016 2084 in
1037 2063 1072 2084 1v
1089 2054 1150 2086 577
1171 2054 1233 2086 991
1258 2053 1351 2089 1000,
1370 2052 1428 2084 ubi
1447 2055 1556 2090 voci33
1586 2064 1792 2095 quamquam

195 2106 284 2147 apud
307 2106 456 2138 Nonium
480 2117 512 2147 p.
539 2107 599 2139 149
627 2107 666 2139 16
690 2117 707 2138 e
732 2107 884 2138 Varrone
908 2107 1075 2147 scriptum
1099 2109 1150 2138 est
1172 2108 1277 2147 pacis,
1301 2109 1335 2138 et
1360 2106 1494 2138 Manilii
1521 2109 1729 2147 exemplaria
1755 2109 1792 2141 in

194 2170 237 2191 111
259 2161 322 2192 446
345 2161 473 2192 habent
498 2162 609 2193 lucis’.
660 2161 728 2193 But
751 2161 858 2192 Varro
880 2161 921 2192 de
948 2161 1029 2201 ling.
1054 2161 1128 2192 Lat.
1154 2171 1189 2192 rx
1217 2161 1258 2194 76
1285 2161 1440 2193 observes
1465 2163 1576 2202 ‘sruyi
1603 2165 1714 2195 rectus
1741 2167 1792 2196 est

194 2217 317 2246 natura
333 2216 429 2255 frux,
447 2217 482 2246 at
504 2214 691 2246 secundum
713 2215 995 2246 consuetudinem
1017 2215 1163 2246 dicimus
1184 2218 1222 2246 ut
1245 2216 1324 2247 haec
1345 2217 1428 2254 avis,
1451 2217 1528 2248 haec
1551 2219 1631 2255 ovis,
1649 2218 1696 2249 sic
1714 2219 1792 2250 haec

187 2270 333 2309 sruyis’.
387 2269 404 2300 I
425 2268 512 2300 have
533 2279 578 2300 no
600 2269 706 2301 doubt
726 2270 811 2300 then
830 2269 908 2301 that
929 2269 987 2301 the
1009 2279 1120 2301 accuS.
1142 2270 1230 2310 plur.
1248 2272 1362 2310 fmyis
1386 2271 1455 2302 and
1477 2273 1563 2303 vocis
1586 2282 1682 2304 come
1705 2273 1793 2305 from

194 2323 292 2355 Lucr.
320 2333 358 2354 as
380 2323 453 2354 well
480 2333 518 2355 as
544 2325 717 2363 reliyionz's
744 2324 813 2355 and
839 2324 898 2356 the
924 2324 1010 2360 like;
1050 2323 1119 2355 and
1147 2323 1223 2355 that
1251 2333 1294 2355 an
1322 2324 1388 2355 abl.
1413 2327 1511 2365 frit-qi
1537 2335 1605 2357 was
1631 2327 1790 2367 possible.

194 2379 368 2417 Augustus
392 2378 428 2409 in
451 2377 509 2409 the
532 2388 686 2411 monum.
714 2379 835 2419 Ancyr.
863 2388 905 2409 111
929 2379 948 2408 2
971 2378 1034 2409 has
1058 2380 1201 2409 consulis
1225 2388 1293 2409 acc.
1319 2378 1405 2417 plur.
1576 2381 1638 2413 747
1655 2382 1793 2421 faciunt

194 2434 284 2465 Flor.
311 2434 351 2465 31
379 2433 497 2464 Camb.
523 2433 575 2464 for
594 2435 736 2473 facient.
869 2434 932 2466 748
957 2435 1136 2474 quicquam
1163 2433 1248 2464 Mar.
1275 2433 1348 2464 Ald.
1380 2434 1397 2464 1
1425 2433 1494 2465 and
1521 2434 1615 2467 Junt.
1644 2435 1695 2467 for
1718 2438 1787 2477 qui.

195 2490 287 2528 quire
303 2488 394 2519 Flor.
413 2489 453 2519 31
470 2487 588 2518 Camb.
605 2488 683 2521 Vat.
706 2489 788 2520 1136
805 2488 928 2520 Othob.
946 2488 1057 2520 which
1073 2498 1153 2527 may
1169 2488 1209 2519 be
1224 2488 1327 2528 right.
1455 2490 1516 2521 752
1534 2491 1569 2520 in
1587 2490 1658 2521 illis
1673 2490 1692 2521 I
1706 2490 1793 2524 have

195 2540 326 2580 added3
350 2540 418 2572 and
434 2541 528 2572 these
543 2543 636 2572 must
652 2541 669 2572 I
685 2541 785 2572 think
801 2541 840 2572 be
857 2541 915 2572 the
932 2541 1045 2572 actual
1066 2540 1175 2572 words
1196 2540 1230 2571 of
1253 2540 1312 2571 the
1333 2543 1430 2580 poet:
1460 2551 1514 2572 see
1536 2541 1652 2573 Camb.
1670 2543 1790 2575 Journ.

195 2595 232 2626 of
250 2594 335 2635 phil.
359 2605 373 2626 1
395 2605 428 2635 p.
453 2596 505 2627 29.
547 2605 697 2635 prorsum
719 2595 824 2628 Lach.
846 2596 921 2627 who
944 2596 1037 2635 quite
1060 2595 1356 2627 misunderstands
1379 2595 1437 2627 the
1461 2599 1652 2636 argument.
1697 2599 1791 2630 rebus

194 2649 286 2681 Nice.
313 2648 382 2680 and
405 2648 451 2680 all
473 2648 586 2680 before
610 2648 715 2680 Lach.
877 2651 939 2682 755
964 2651 1059 2689 utqui
1083 2649 1118 2680 of
1141 2659 1222 2680 mss.
1246 2649 1276 2680 is
1299 2649 1393 2688 quite
1416 2649 1530 2689 right:
1563 2660 1616 2681 see
1638 2654 1736 2682 notes
1760 2653 1791 2684 2.

194 2702 299 2733 Lach.
316 2702 414 2733 reads
430 2703 491 2735 753
507 2704 578 2733 utei
594 2703 646 2734 for
661 2705 749 2741 item,
769 2703 838 2734 and
853 2703 932 2735 here
948 2704 1108 2744 funditus
1124 2713 1236 2743 usque.
1427 2704 1489 2736 758
1512 2705 1644 2735 habebis
1659 2704 1689 2735 A
1703 2715 1788 2739 corr.

196 2756 289 2786 Nice.
306 2758 369 2787 etc.
389 2755 441 2786 for
465 2756 572 2786 habes.
620 2757 759 2786 habebas
782 2756 900 2788 Lamb.
921 2757 1010 2796 vulg.
1028 2756 1189 2795 wrongly.
1351 2757 1413 2789 759
1436 2767 1556 2787 veneno
1572 2756 1670 2788 Wak.
1686 2757 1790 2791 Lach.

195 2809 248 2840 for
262 2819 352 2840 vene.
397 2819 521 2840 venena
542 2809 632 2840 Flor.
650 2810 690 2840 31
713 2810 829 2841 Camb.
846 2811 968 2850 vulgo:
993 2811 1061 2841 this
1082 2811 1105 2842 1.
1122 2810 1231 2842 ended
1252 2821 1284 2851 p.
1303 2811 1343 2842 31
1364 2811 1399 2843 of
1422 2811 1480 2842 the
1500 2812 1565 2842 lost
1586 2811 1791 2854 archetype3

196 2863 266 2894 and
291 2862 457 2894 therefore
485 2862 579 2894 these
607 2863 682 2894 four
709 2864 890 2895 mutilated
920 2865 1064 2905 endings
1095 2865 1130 2896 of
1159 2874 1270 2896 verses
1300 2875 1384 2896 were
1414 2875 1458 2896 on
1488 2865 1546 2896 the
1576 2868 1673 2897 outer
1702 2877 1790 2899 mar-

196 2917 266 2957 gin.
396 2917 458 2950 767
474 2919 622 2949 Alternis
636 2917 666 2949 A
680 2927 765 2951 corr.
784 2917 835 2949 for
851 2921 996 2951 Atei-nis.
1142 2920 1204 2952 769
1214 2921 1268 2953 =7
1272 2919 1323 2959 62,
1342 2920 1500 2960 repeated
1514 2920 1659 2953 without
1674 2931 1791 2955 mean-
