1997 3267
962 187 1026 227 IV
1722 195 1795 246 183

318 305 428 346 quae
459 291 619 333 feriunt
650 291 868 333 oculorum
899 292 1010 334 acies
1042 293 1266 349 visumque
1297 295 1520 339 lacessunt.

318 358 583 400 errabundus
615 359 729 400 enim
760 359 881 401 tarde
915 359 1034 401 venit
1065 375 1113 402 ac
1144 362 1256 416 perit
1286 368 1387 405 ante

318 427 527 483 paulatim
559 428 692 470 facilis
723 427 950 470 distractus
981 429 1026 470 in
1056 430 1165 471 aeris
1196 446 1344 483 auras;

318 510 370 538 ex
401 497 489 539 alto
519 497 706 553 primum
737 497 839 553 quia
868 497 939 538 vix
972 498 1190 540 emittitur
1220 514 1271 541 ex
1302 515 1371 542 rc:

317 579 417 606 nam
448 566 622 621 penitus
652 566 783 608 fluere
813 572 944 621 atque
976 566 1171 608 recedere
1202 567 1329 609 rebus
1359 568 1506 611 odores
1714 574 1794 626 695

318 633 531 690 significat
562 634 675 690 quod
707 634 841 676 fracta
871 634 1007 690 magis
1038 635 1226 676 redolere
1257 636 1458 678 videntur

319 702 472 753 omnia,
503 702 616 758 quod
647 702 842 753 contrita,
875 703 987 758 quod
1020 703 1111 759 igni
1143 704 1459 748 conlabefactat

318 770 472 812 deinde
503 771 646 813 videre
678 771 778 813 licet
809 771 1042 812 maioribus
1072 786 1163 813 esse
1195 778 1387 814 creatum

318 839 538 894 principiis
569 854 698 895 quam
730 854 823 889 vox,
855 838 1056 895 quoniam
1088 854 1164 895 per
1193 855 1320 882 saxea
1350 846 1498 897 saepta

317 921 403 949 non
433 913 643 963 penetrat,
675 923 759 964 qua
790 923 869 950 vox
901 908 1024 964 volgo
1055 909 1305 964 sonitusque
1336 910 1539 952 feruntur.
1713 923 1799 965 700

319 991 448 1032 quare
479 977 610 1018 etiam
642 977 754 1032 quod
786 977 872 1018 olet
903 992 987 1018 non
1020 982 1109 1018 tam
1142 978 1264 1019 facile
1296 993 1386 1021 esse
1418 979 1581 1021 videbis

318 1044 576 1100 investigare
607 1045 652 1086 in
684 1060 769 1100 qua
799 1045 856 1086 sit
886 1045 1058 1101 regione
1089 1045 1301 1098 locatum3

317 1113 553 1170 refrigescit
584 1114 698 1155 enim
730 1113 969 1155 cunctando
1001 1113 1128 1169 plaga
1158 1129 1233 1169 per
1262 1129 1386 1156 auras

318 1194 397 1221 nec
428 1179 564 1221 calida
594 1180 648 1221 ad
680 1194 852 1221 sensum
883 1179 1116 1221 decurrunt
1147 1179 1302 1222 nuntia
1330 1195 1483 1224 rerum.

320 1253 463 1289 errant
494 1262 619 1303 saepe
651 1262 775 1289 canes
806 1247 953 1302 itaque
985 1253 1030 1289 et
1061 1247 1243 1303 vestigia
1273 1254 1496 1304 quaerunt.
1715 1261 1793 1304 705

378 1315 490 1370 [Nec
521 1321 667 1357 tamen
698 1316 776 1357 hoc
807 1315 905 1357 solis
936 1315 980 1356 in
1012 1315 1211 1358 odoribus
1241 1323 1371 1372 atque
1401 1332 1597 1373 saporum

318 1385 364 1426 in
393 1390 602 1441 generest‚
634 1384 707 1426 sed
738 1384 845 1426 item
877 1385 1038 1440 specics
1069 1400 1212 1427 rerum
1242 1392 1372 1442 atque
1402 1387 1557 1430 colores

318 1469 403 1496 non
434 1455 496 1495 ita
526 1454 786 1496 conveniunt
816 1454 871 1496 ad
901 1469 1050 1496 sensus
1081 1455 1278 1497 omnibus
1308 1471 1467 1507 omnes,

318 1528 370 1565 ut
400 1537 485 1564 non
516 1523 604 1564 sint
634 1522 729 1564 aliis
761 1522 972 1578 quaedam
1003 1522 1139 1579 magis
1170 1523 1283 1564 acria
1313 1523 1417 1565 visu.

320 1590 424 1646 quin
456 1590 587 1632 etiam
618 1591 790 1646 gallum,
823 1597 990 1633 noctem
1025 1591 1383 1647 explaudentibus
1412 1592 1490 1634 alis
1715 1604 1799 1647 710

318 1674 513 1702 auroram
544 1660 656 1702 clara
685 1666 938 1702 consuetum
970 1675 1070 1702 voce
1102 1675 1264 1710 vocare,

319 1743 461 1771 noenu
493 1736 657 1785 queunt
688 1729 826 1771 rabidi
857 1735 1006 1771 contra
1036 1735 1228 1771 constare
1259 1730 1401 1772 leones

320 1798 450 1854 inque
481 1798 618 1840 tueri:
657 1797 720 1839 ita
750 1798 953 1840 continuo
985 1798 1216 1839 meminere
1248 1798 1378 1854 fugai,

320 1868 525 1909 nimirum
557 1867 658 1923 quia
687 1873 788 1909 sunt
818 1867 1029 1924 gallorum
1060 1867 1105 1908 in
1135 1882 1306 1923 corpore
1337 1867 1542 1924 quaedam

321 1937 495 1988 semina,
526 1952 635 1992 quae
666 1952 764 1978 cum
795 1943 897 1978 sunt
929 1937 1060 1979 oculis
1091 1937 1266 1979 inmissa
1296 1937 1477 1988 leonum,
1717 1948 1796 1992 715

322 2006 507 2062 pupillas
537 2006 821 2048 interfodiunt
853 2021 1077 2062 acremque
1109 2006 1296 2048 dolorem

322 2073 541 2130 praebent,
572 2079 623 2115 ut
653 2080 871 2129 nequeant
901 2080 1048 2116 contra
1078 2074 1230 2115 durare
1262 2074 1446 2126 feroces;

322 2158 419 2185 cum
451 2149 597 2184 tamen
629 2143 732 2184 haec
762 2148 930 2184 nostras
961 2143 1072 2184 acies
1103 2143 1163 2184 nil
1196 2143 1362 2185 laedere
1392 2144 1566 2199 possint,

322 2218 399 2254 aut
430 2213 531 2267 quia
561 2228 645 2254 non
676 2218 905 2268 penetrant
937 2217 1014 2254 aut
1045 2213 1157 2268 quod
1189 2213 1516 2268 penetrantibus
1546 2212 1630 2254 illis

324 2280 466 2322 exitus
496 2295 548 2322 ex
579 2282 711 2323 oculis
742 2281 849 2323 liber
879 2282 1018 2331 datur,
1050 2281 1095 2322 in
1124 2281 1374 2323 remorando
1719 2292 1803 2333 720

324 2349 491 2392 laedere
522 2365 575 2392 ne
606 2350 771 2405 possint
802 2365 854 2392 ex
886 2350 975 2391 ulla
1005 2350 1170 2392 lumina
1200 2350 1354 2406 parte]

382 2418 511 2460 Nunc
542 2433 620 2475 age
653 2434 761 2475 quae
793 2423 994 2460 moveant
1024 2418 1217 2459 animum
1247 2433 1314 2459 res
1344 2417 1498 2473 accipe,
1529 2423 1573 2460 et
1604 2417 1715 2459 unde

326 2502 434 2543 quae
465 2487 646 2529 veniunt
677 2488 853 2529 veniant
883 2487 929 2528 in
961 2492 1151 2528 mentem
1182 2486 1351 2542 percipe
1383 2486 1538 2542 paucis.

323 2555 532 2611 principio
564 2556 642 2597 hoc
672 2555 777 2605 dico,
809 2570 950 2597 rerum
983 2554 1209 2596 simulacra
1239 2545 1384 2611 vagari

325 2626 462 2667 multa
493 2624 630 2666 modis
660 2624 809 2666 multis
840 2624 885 2665 in
916 2630 1091 2666 cunctas
1122 2623 1312 2679 undique
1342 2623 1477 2679 partis
1720 2631 1799 2673 725

325 2693 483 2743 tenvia,
514 2708 623 2749 quae
654 2694 776 2735 facile
807 2693 921 2735 inter
951 2708 994 2734 se
1026 2693 1266 2748 iunguntur
1295 2692 1340 2733 in
1371 2692 1496 2740 auris,

325 2763 449 2804 obvia
480 2777 576 2804 cum
608 2763 800 2812 veniunt,
831 2768 882 2804 ut
912 2777 1068 2803 aranea
1097 2761 1351 2817 bratteaque
1382 2760 1484 2801 auri.

212 2892 309 2924 Dicit
324 2891 431 2923 Lach.
448 2891 594 2923 without
610 2901 722 2923 cause.
899 2892 962 2925 698
977 2897 1124 2924 creatum
1140 2891 1225 2923 Mar.
1243 2891 1264 2922 J
1266 2892 1340 2922 unt.
1357 2891 1409 2922 for
1425 2894 1580 2922 creatam.
1743 2889 1806 2921 699

210 2957 307 2987 quam
321 2957 396 2978 vom.
443 2947 515 2977 voci
531 2945 653 2978 Lamb.
669 2948 732 2980 ete.
751 2947 951 2988 perversely.
1090 2947 1153 2979 712
1167 2947 1280 2978 rabidi
1297 2945 1394 2977 Wak.
1411 2945 1463 2976 for
1478 2945 1604 2985 rapidi.
1746 2944 1808 2976 719
