1997 3267
918 172 984 214 VI
1620 159 1625 164 ¹
1665 179 1742 220 261

254 284 393 325 multa
423 283 562 324 forent
592 281 743 324 multis
775 287 976 337 exempto
1006 282 1158 324 nubila
1187 282 1302 335 sole;
1665 288 1743 338 265

254 367 331 394 nec
362 357 484 394 tanto
514 357 689 408 possent
720 350 943 392 venientes
974 351 1215 406 opprimere
1247 351 1387 402 imbri,

254 420 433 462 flumina
463 419 682 461 abundare
716 424 764 460 ut
795 419 983 460 facerent
1014 434 1271 475 camposque
1305 428 1466 474 natare,

253 489 289 530 si
319 503 404 530 non
436 488 645 530 extructis
675 487 784 529 foret
813 487 900 528 alte
933 487 1122 529 nubibus
1153 488 1318 530 aether,

256 558 323 599 hic
355 557 490 614 igitur
522 556 662 599 ventis
694 561 824 612 atque
857 555 1031 612 ignibus
1062 556 1207 598 omnia
1238 557 1365 613 plena

255 631 380 677 sunt;
420 625 516 667 ideo
547 624 704 681 passim
739 624 935 666 fremitus
967 630 1011 666 ot
1043 625 1216 681 fulgura
1246 625 1368 668 fiunt.
1666 639 1751 680 270

254 695 414 751 quippe
446 694 609 736 etenim
642 707 770 749 supra
800 692 925 734 docui
958 693 1176 748 permulta
1207 694 1375 749 vaporis

255 763 419 806 semina
450 763 608 805 habere
639 777 764 805 cavas
795 762 932 804 nubes
964 768 1008 804 et
1040 763 1179 804 multa
1210 771 1423 806 necessest

255 835 478 890 concipere
510 849 561 876 ex
594 834 693 875 solis
724 833 855 875 radiis
885 833 1120 889 ardoreque
1153 849 1311 876 eorum.

256 904 334 946 hoc
364 903 439 945 ubi
472 908 627 945 ventus
659 917 730 945 eas
762 903 877 944 idem
910 903 981 958 qui
1016 903 1132 959 cogit
1163 903 1207 944 in
1240 918 1375 945 unum

257 974 364 1015 forte
396 973 536 1014 locum
569 971 775 1028 quemvis,
807 972 1017 1027 expressit
1048 972 1188 1014 multa
1219 973 1385 1028 vaporis
1668 986 1747 1028 275

255 1042 420 1085 semina
449 1057 578 1098 seque
610 1041 738 1084 simul
770 1056 867 1084 cum
900 1056 950 1083 eo
982 1042 1252 1084 commiscuit
1283 1042 1384 1098 igni,

255 1113 501 1155 insinuatus
532 1111 592 1153 ibi
625 1116 773 1152 vortex
806 1116 1002 1152 versatur
1032 1110 1076 1152 in
1107 1117 1201 1152 arto

256 1187 301 1224 et
331 1180 480 1223 calidis
510 1179 628 1222 acuit
659 1179 822 1221 fulmen
855 1179 1096 1221 fornacibus
1128 1179 1257 1222 intus.

255 1266 355 1293 nam
388 1250 550 1306 duplici
582 1249 746 1291 ratione
777 1248 1040 1298 accenditur,
1070 1249 1160 1304 ipse
1192 1264 1270 1291 sua
1300 1265 1396 1291 cum

256 1319 499 1362 mobilitate
530 1318 705 1360 calescit
736 1324 781 1360 et
812 1333 835 1360 e
867 1317 1122 1374 contagibus
1154 1318 1278 1375 ignis,
1667 1323 1752 1362 280

257 1389 358 1431 inde
389 1388 465 1430 ubi
496 1389 708 1445 percaluit
741 1388 860 1430 venti
892 1388 956 1429 vis
988 1394 1025 1431 et
1055 1388 1197 1445 gravis
1229 1388 1340 1445 ignis

255 1457 445 1514 impetus
476 1457 663 1507 incessit,
696 1462 915 1499 maturum
950 1464 1044 1498 tum
1077 1457 1199 1513 quasi
1231 1457 1394 1499 fulmen

257 1525 493 1582 perscindit
523 1526 671 1567 subito
703 1525 877 1576 nubem,
908 1525 1128 1581 ferturque
1160 1525 1343 1567 coruscis

257 1595 401 1638 omnia
430 1595 670 1637 luminibus
702 1595 889 1637 lustrans
921 1595 1012 1636 loca
1042 1595 1231 1650 percitus
1261 1594 1393 1637 ardor.

257 1679 386 1721 quem
417 1664 561 1720 gravis
592 1664 836 1720 insequitur
866 1664 1043 1714 sonitus,
1076 1663 1263 1720 displosa
1292 1671 1469 1720 repente
1670 1667 1748 1717 285

257 1733 497 1789 opprimere
529 1738 580 1774 ut
610 1733 717 1774 caeli
749 1732 948 1774 videatur
978 1732 1142 1788 templa
1172 1747 1365 1788 superne.

258 1803 358 1844 inde
390 1809 550 1844 tremor
581 1808 716 1844 terras
745 1802 936 1859 graviter
966 1807 1233 1858 pertemptat
1264 1808 1309 1843 et
1339 1802 1477 1844 altum

259 1886 480 1914 murmura
509 1878 765 1927 percurrunt
796 1871 962 1913 caelum
978 1885 987 1923 ;
1027 1886 1127 1912 nam
1159 1876 1253 1912 tota
1283 1871 1370 1912 fere
1400 1876 1496 1913 tum

259 1948 495 1998 tempestas
526 1956 729 1983 concussa
759 1941 909 1983 tremit
941 1941 1222 1997 fremitusque
1253 1947 1490 1983 moventur.

258 2027 343 2069 quo
373 2012 427 2054 de
457 2027 665 2054 concussu
696 2012 894 2067 sequitur
923 2012 1066 2068 gravis
1096 2011 1234 2053 imber
1264 2017 1309 2053 et
1341 2011 1457 2061 uber,
1668 2024 1753 2064 290

261 2080 398 2122 omnis
430 2080 496 2122 uti
527 2080 726 2122 videatur
756 2080 802 2122 in
833 2079 1017 2121 imbrem
1050 2079 1209 2121 vertier
1238 2079 1388 2121 aether

260 2154 392 2205 atque
422 2149 487 2190 ita
515 2149 805 2205 praecipitans
835 2148 890 2190 ad
922 2148 1130 2190 diluviem
1160 2147 1376 2190 revocari:

260 2224 410 2260 tantus
440 2217 619 2260 discidio
649 2217 778 2260 nubis
809 2217 1014 2273 ventique
1045 2217 1230 2273 procella

259 2287 464 2338 mittitur,
494 2287 665 2329 ardenti
695 2287 862 2329 sonitus
893 2301 990 2328 cum
1021 2286 1216 2342 provolat
1245 2285 1345 2328 ictu.

260 2362 327 2399 est
357 2356 491 2399 etiam
521 2371 619 2398 cum
651 2356 716 2398 vis
747 2356 1013 2398 extrinsecus
1043 2355 1176 2397 incita
1206 2355 1326 2397 venti
1669 2367 1750 2410 295

135 2518 273 2559 flumen.
428 2517 492 2549 258
507 2518 640 2558 effertus
655 2516 760 2548 Lach.
778 2517 830 2548 for
845 2521 878 2548 et
886 2518 1008 2557 sertus.
1055 2521 1087 2547 et
1095 2517 1210 2557 fertur
1225 2514 1315 2555 vulg.
1462 2514 1525 2547 269
1542 2514 1646 2556 plena
1660 2514 1753 2546 Flor.

146 2573 186 2604 31
211 2571 330 2604 camb.
357 2571 450 2604 Mon.
480 2574 544 2604 etc.
572 2572 626 2604 for
644 2573 762 2613 plana.
954 2573 1016 2605 272
1041 2572 1160 2603 habere
1184 2570 1286 2602 Pont.
1315 2570 1400 2602 Mar.
1429 2569 1507 2601 ΑΜ.
1534 2570 1552 2601 1
1577 2570 1675 2602 Junt.
1703 2570 1756 2602 for

148 2627 315 2660 haec-dere.
366 2627 427 2658 hac
451 2627 490 2658 de
514 2637 549 2659 re
573 2627 668 2660 Nicc.
812 2627 876 2660 277
900 2631 974 2658 arto
997 2625 1102 2658 Lach.
1127 2625 1181 2657 for
1203 2627 1285 2657 alto.
1447 2625 1510 2656 281
1534 2626 1625 2657 venti
1648 2626 1700 2656 vis
1723 2630 1756 2657 et

144 2685 261 2724 yravis
283 2684 372 2722 iynis
395 2681 510 2713 Bentl.
535 2681 588 2713 for
609 2683 724 2721 gravis
744 2682 835 2713 venti
857 2682 909 2712 vis
928 2681 1014 2719 iyni.
1059 2680 1213 2719 yravida,
1233 2683 1293 2710 aut
1312 2680 1363 2710 vis
1384 2680 1474 2719 iynis
1497 2683 1528 2710 et
1548 2689 1626 2711 acer
1645 2678 1750 2712 Lach.

145 2739 198 2770 vis
214 2739 306 2769 renti
321 2738 376 2768 vel
389 2738 505 2776 ‚qravis
520 2738 610 2777 iynis
625 2736 712 2768 Mar.
730 2735 828 2767 Junt.
844 2734 965 2766 Lamb.
982 2736 1046 2766 etc.
1217 2734 1279 2765 286
1295 2734 1451 2766 videatur
1466 2733 1530 2765 Ed.
1550 2733 1604 2765 for
1618 2734 1755 2765 videan-

147 2799 218 2826 tur:
243 2792 303 2825 the
326 2791 434 2824 scribe
456 2791 521 2823 has
543 2790 694 2831 adapted
715 2790 775 2823 the
797 2790 878 2822 verb
902 2793 938 2822 to
962 2790 1106 2830 templa:
1131 2798 1186 2820 see
1206 2798 1220 2819 1
1240 2789 1343 2821 1108:
1365 2787 1403 2819 in
1422 2787 1486 2821 467
1502 2788 1658 2820 videatur
1672 2797 1755 2820 mss.

147 2847 199 2879 for
214 2848 403 2879 videantur.
433 2845 536 2878 Lach
551 2845 649 2878 reads
665 2846 863 2886 Exprimere
879 2844 932 2876 for
951 2844 1151 2885 Opprimere,
1165 2843 1267 2874 Bern.
1284 2843 1452 2874 Occidere.
1520 2842 1584 2874 290
1599 2852 1758 2874 concussu,

146 2903 175 2934 B
191 2913 276 2935 corr.
292 2902 394 2934 Pont.
411 2902 499 2933 Mar.
515 2901 591 2934 Ald,
613 2901 631 2932 1
647 2901 744 2933 Junt.
762 2901 817 2934 for
832 2910 1018 2932 concussus.
1160 2899 1223 2932 291
1238 2900 1291 2930 uti
1307 2898 1407 2929 Pont.
1425 2897 1512 2930 Mar.
1529 2897 1604 2929 ΑΜ.
1624 2898 1642 2929 1
1657 2898 1755 2930 Junt.

145 2957 199 2988 for
213 2962 263 2990 ut.
308 2958 361 2989 ita
376 2961 415 2988 ut
429 2955 521 2988 Flor.
539 2957 581 2988 31
598 2955 717 2988 Camb.
822 2955 886 2988 292
901 2955 1052 2987 revocari
1067 2953 1172 2986 Lach.
1194 2953 1247 2985 for
1262 2961 1427 2985 revocare.
1531 2951 1595 2984 296
1611 2953 1759 2984 calidam
