1997 3267
236 176 289 215 68
1024 174 1047 216 Ι

349 281 422 330 nil,
454 285 503 321 ut
533 281 691 335 opinor,
722 281 798 322 ubi
829 297 880 323 ex
912 297 1046 337 aequo
1077 297 1143 324 res
1174 281 1368 324 funditus
1399 283 1535 324 omnis

349 354 439 389 tam
470 349 659 390 mortalis
691 350 773 390 erit
804 364 933 404 quam
964 365 1073 404 quae
1105 350 1332 391 manifesta
1362 350 1556 392 videmus
1743 353 1821 405 855

349 430 400 457 ex
431 416 562 457 oculis
590 417 746 458 nostris
776 417 919 472 aliqua
946 417 991 457 vi
1021 417 1135 458 victa
1164 417 1311 473 perire.

348 490 393 525 at
421 499 560 539 neque
591 485 799 526 reccidere
830 486 885 527 ad
913 486 1051 526 nilum
1082 501 1147 528 res
1177 501 1298 541 posse
1328 501 1468 542 neque
1500 493 1647 529 autem

349 568 534 595 crescere
566 553 617 594 de
646 554 734 595 nilo
765 559 899 595 testor
928 569 994 595 res
1025 560 1125 596 ante
1156 555 1366 610 probabas.

346 629 569 678 praeterea
598 623 799 677 quoniam
830 623 951 665 cibus
981 629 1112 679 auget
1143 638 1294 679 corpus
1323 625 1499 681 alitque,

349 692 455 732 scire
487 691 586 733 licet
615 692 737 732 nobis
768 706 896 733 venas
927 697 972 734 et
1001 707 1193 749 sanguen
1223 699 1268 735 et
1298 707 1392 735 ossa
1745 695 1829 737 860

347 829 434 870 sive
465 829 579 870 cibos
610 829 747 870 omnis
777 829 1006 871 commixto
1036 845 1207 886 corpore
1238 831 1383 873 dicent

346 912 435 938 esse
465 903 506 939 et
537 898 692 939 habere
723 898 768 938 in
799 912 842 939 se
873 913 1099 939 nervorum
1130 914 1302 955 corpora
1332 915 1463 956 parva

346 981 523 1022 ossaque
554 972 598 1008 et
629 967 801 1008 omnino
831 982 960 1009 venas
990 969 1209 1024 partisque
1240 970 1407 1019 cruoris,

352 1036 426 1076 fiet
457 1035 524 1076 uti
554 1035 673 1076 cibus
704 1035 852 1086 omnis,
884 1042 928 1077 et
958 1036 1102 1078 aridus
1134 1043 1177 1078 et
1208 1037 1346 1092 liquor
1376 1038 1479 1093 ipse,

345 1120 397 1147 ex
427 1105 677 1161 alienigenis
707 1106 833 1147 rebus
863 1112 1056 1147 constare
1087 1111 1278 1161 putetur,
1747 1106 1825 1158 865

351 1174 515 1215 ossibus
546 1180 590 1215 et
619 1174 761 1216 nervis
791 1174 993 1230 sanieque
1025 1181 1069 1216 et
1099 1175 1306 1230 sanguine
1336 1175 1482 1217 mixto.
1832 1175 1838 1178 ”

349 1247 574 1297 praeterea
605 1257 898 1298 quaecumque
929 1259 952 1285 e
983 1248 1097 1284 terra
1127 1258 1299 1298 corpora
1329 1249 1524 1285 crescunt

349 1312 384 1353 si
415 1317 515 1353 sunt
546 1311 592 1352 in
623 1312 761 1361 terris,
792 1317 949 1353 terram
981 1317 1175 1353 constare
1204 1318 1417 1354 necessest

347 1395 397 1421 ex
429 1380 691 1435 alienigenis,
723 1395 833 1436 quae
864 1380 988 1421 terris
1020 1380 1279 1422 exoriuntur.

346 1449 528 1489 transfer
558 1449 675 1498 item,
706 1448 890 1490 totidem
920 1448 1061 1490 verbis
1091 1454 1214 1490 utare
1245 1448 1403 1491 licebit.
1746 1449 1832 1502 870
1881 1444 1885 1447 ⁵

345 1516 391 1556 in
423 1515 550 1571 lignis
581 1516 617 1556 si
647 1516 821 1556 flamma
851 1516 959 1556 latet
991 1516 1219 1571 fumusque
1249 1515 1450 1571 cinisque,

346 1598 399 1625 ex
429 1583 679 1640 alienigenis
710 1583 943 1625 consistant
974 1583 1091 1640 ligna
1120 1590 1340 1626 necessest.

345 1658 566 1708 praeterea
594 1653 723 1694 tellus
753 1667 863 1708 quae
894 1667 1066 1708 corpora
1096 1667 1278 1708 cumque
1308 1652 1399 1702 alit,
1429 1656 1560 1708 auget

1005 1737 1031 1762 ※

348 1805 399 1833 ex
430 1790 692 1846 alienigenis,
722 1805 830 1846 quae
862 1789 990 1846 lignis
1020 1790 1086 1831 his
1116 1790 1322 1833 oriuntur.

233 1949 331 1981 Pone.
355 1949 440 1982 Mar.
463 1950 516 1982 for
539 1951 669 1990 efficiat.
855 1950 918 1981 853
940 1960 1087 1990 sanguen
1110 1961 1155 1982 an
1177 1960 1250 1981 ossa
1272 1959 1376 1989 marg.
1401 1949 1491 1980 Flor.
1516 1950 1558 1980 32
1582 1949 1679 1980 Pont.
1703 1948 1823 1981 Lamb.

233 2005 285 2035 for
303 2006 440 2045 sanquis
461 2015 505 2035 an
526 2015 571 2036 os.
616 2007 751 2044 sanquis
771 2015 840 2037 was
859 2005 1032 2035 unknown
1055 2008 1090 2036 to
1110 2005 1227 2036 Lucr.:
1256 2013 1291 2035 1v
1313 2004 1395 2035 1050
1416 2007 1550 2043 sanquis
1566 2004 1674 2042 unde3
1696 2012 1731 2035 VI
1747 2003 1830 2034 1203

232 2060 366 2096 sanquis
398 2059 555 2098 expletis:
595 2067 647 2089 see
677 2057 782 2089 Lach.
816 2057 886 2089 and
915 2057 982 2089 add
1013 2057 1090 2091 Sen.
1126 2056 1213 2088 Med.
1246 2057 1308 2090 776
1345 2057 1414 2088 and
1444 2056 1518 2089 Val.
1553 2056 1663 2087 Flacc.
1695 2065 1738 2087 111
1767 2056 1831 2087 234

232 2114 376 2150 sanquis.
421 2111 512 2144 Flor.
541 2112 582 2142 31
610 2111 691 2143 does
717 2114 778 2143 not
803 2121 840 2143 as
864 2111 970 2142 Lach.
996 2121 1075 2152 says
1101 2111 1183 2143 read
1209 2112 1345 2150 sanquis
1370 2121 1424 2149 an,
1454 2121 1497 2142 an
1522 2121 1566 2143 03.
1624 2119 1771 2149 sanguen
1796 2120 1830 2141 os

233 2177 352 2198 aurum
373 2166 492 2204 Lach,
517 2177 561 2198 an
584 2166 749 2198 awkward
772 2166 842 2198 and
864 2166 1074 2207 improbable
1096 2165 1296 2197 correction.
1447 2166 1534 2198 86οε
1565 2164 1624 2196 the
1648 2174 1741 2196 verse
1763 2163 1831 2196 lost

233 2220 313 2253 here
335 2220 454 2252 Lamb.
472 2220 554 2251 thus
577 2220 737 2260 supplies,
754 2222 801 2252 Et
823 2230 938 2252 nervos
961 2221 1161 2260 alieniyenis
1184 2231 1223 2251 ex
1241 2221 1397 2260 partibus
1422 2229 1511 2257 esse3
1543 2218 1654 2250 which
1675 2219 1769 2250 must
1792 2219 1831 2250 be

234 2286 313 2316 very
327 2275 395 2307 like
410 2275 502 2306 what
517 2275 616 2306 Lucr.
634 2278 746 2306 wrote.
901 2275 962 2306 861
981 2276 1058 2306 Sive
1075 2275 1164 2306 Flor.
1185 2275 1224 2305 31
1243 2274 1360 2307 Camb.
1381 2274 1433 2305 for
1454 2276 1543 2306 Sine.
1698 2283 1829 2313 corpore

234 2331 326 2363 Nico.
359 2331 410 2362 for
439 2340 522 2362 core.
655 2331 716 2361 862
746 2331 829 2361 Esse
860 2335 892 2361 et
922 2329 1013 2361 Nice.
1045 2330 1097 2361 for
1126 2331 1235 2361 Esset.
1367 2328 1430 2360 866
1459 2330 1626 2369 sanieque.
1675 2330 1830 2368 venisque

234 2386 361 2418 Avanc.
387 2384 509 2416 Lamb.
535 2383 641 2415 Lach.
665 2384 835 2424 wrongly:
875 2393 929 2415 see
954 2386 1052 2415 notes
1078 2385 1120 2415 2:
1154 2382 1325 2414 Avancius
1352 2382 1483 2414 formed
1508 2382 1563 2413 his
1589 2383 1661 2413 text
1690 2381 1734 2422 by
1759 2391 1828 2413 cor-

234 2439 364 2479 recting
385 2438 470 2469 Ven.
495 2437 564 2469 and
585 2437 613 2468 it
636 2437 704 2468 and
727 2438 804 2468 Ver.
827 2437 913 2469 have
930 2439 1103 2477 sanisque3
1134 2436 1240 2468 hence
1261 2438 1364 2468 venis.
1487 2437 1590 2467 mixto
1613 2435 1716 2468 Lach.
1742 2435 1831 2468 after

235 2492 320 2524 Mar.
344 2491 420 2523 Ald.
445 2492 463 2522 1
487 2491 581 2522 Junt.
609 2490 728 2522 Lamb.
752 2490 862 2522 which
884 2490 970 2522 have
991 2491 1098 2521 misto.
1142 2491 1273 2521 mixtim
1295 2488 1446 2520 Politian
1468 2488 1505 2519 in
1527 2498 1634 2528 marg.
1657 2488 1748 2519 Flor.
1773 2489 1826 2528 29,

236 2545 347 2578 which
368 2555 448 2585 may
470 2545 510 2576 be
532 2544 634 2584 right.
801 2546 863 2578 873
886 2544 966 2575 here
988 2543 1084 2575 there
1107 2543 1137 2574 is
1160 2544 1177 2574 Ι
1199 2543 1326 2575 believe
1348 2553 1368 2575 a
1391 2542 1507 2574 hiatus
1531 2542 1567 2573 of
1587 2545 1653 2574 two
1677 2551 1715 2573 or
1736 2551 1830 2574 more

236 2610 357 2638 verses,
381 2598 493 2631 Which
519 2598 537 2629 Ι
562 2598 722 2638 formerly
749 2598 903 2638 supplied
929 2597 1022 2635 thus,
1047 2599 1102 2629 Eae
1131 2598 1328 2636 alieniyenis
1360 2607 1444 2637 quae
1476 2597 1592 2627 tellure
1623 2597 1826 2630 exoriuntur.

237 2656 294 2686 Sic
315 2655 431 2686 itidem
452 2663 535 2693 quae
558 2653 650 2692 liqna
671 2654 825 2684 emittunt
841 2663 988 2692 corpora,
1007 2653 1146 2683 aluntur
1161 2653 1217 2682 Ex
1232 2653 1314 2683 cet.:
1338 2660 1448 2690 comp.
1463 2649 1643 2691 especially
1658 2649 1828 2682 859—866

237 2708 305 2740 and
326 2710 426 2739 notes
449 2708 480 2737 2.
658 2706 700 2736 In
723 2707 786 2739 874
808 2706 825 2737 I
847 2706 933 2737 have
956 2705 1063 2737 added
1087 2707 1138 2737 his
1163 2705 1250 2736 after
1274 2706 1384 2744 lignis.
1433 2703 1450 2734 Ι
1472 2703 1595 2743 hardly
1618 2703 1829 2735 understand

236 2762 341 2794 Lach.
365 2761 441 2792 who
463 2760 559 2792 reads
582 2770 665 2800 quae
689 2761 887 2799 alieniqenis
910 2761 1086 2791 oriuntur:
1117 2768 1172 2790 see
1195 2759 1267 2790 also
1289 2758 1370 2790 Luc.
1399 2757 1539 2788 Mueller
1561 2756 1602 2788 de
1628 2766 1664 2787 re
1688 2756 1828 2788 metrica

236 2825 269 2855 p.
296 2815 369 2852 284,
394 2814 469 2845 who
497 2822 606 2844 seems
632 2815 667 2844 to
694 2822 795 2852 prove
821 2812 898 2843 that
924 2822 945 2844 a
971 2812 1151 2852 monosyll.
1177 2811 1368 2851 diphthong
1393 2810 1424 2842 is
1450 2819 1552 2842 never
1581 2808 1688 2841 elided
1717 2809 1829 2842 before

238 2880 258 2900 a
288 2868 384 2900 short
415 2868 530 2899 vowel.
585 2866 669 2898 Mar.
698 2866 795 2897 Junt.
823 2866 978 2898 followed
1006 2865 1050 2906 by
1080 2865 1149 2897 Gif.
1181 2865 1305 2897 Creech
1335 2864 1420 2896 omit
1448 2863 1532 2895 both
1562 2864 1624 2896 873
1654 2862 1722 2894 and
1750 2864 1824 2902 874,

237 2922 357 2953 Lamb.
381 2920 534 2953 followed
556 2920 602 2960 by
623 2919 721 2951 Wak.
746 2919 826 2959 only
848 2920 931 2958 8733
962 2918 1072 2951 which
1096 2928 1205 2950 seems
1227 2917 1371 2949 absurd:
1398 2916 1442 2948 he
1463 2916 1560 2947 reads
1581 2916 1620 2947 in
1642 2917 1706 2949 874
1728 2918 1828 2957 liquis
