1997 3267
946 156 1012 198 IV
1713 171 1728 201 1
1738 162 1793 213 89

303 274 403 316 ergo
433 260 603 302 animus
635 275 733 302 cum
764 276 856 303 sese
886 261 950 303 ita
981 268 1220 304 commovet
1251 270 1301 305 ut
1333 264 1436 306 velit
1467 265 1528 307 ire

300 328 431 384 inque
462 329 596 385 gredi,
628 329 728 371 ferit
759 330 977 386 extemplo
1009 345 1119 386 quae
1149 332 1196 372 in
1227 347 1398 388 corpore
1431 338 1522 375 toto

300 412 377 454 per
407 398 600 440 membra
630 404 761 455 atque
792 405 912 441 artus
943 400 1103 442 animai
1134 401 1286 443 dissita
1316 402 1380 443 vis
1411 408 1487 445 est.

299 472 345 509 et
376 466 541 508 facilest
572 467 700 517 factu,
733 468 935 522 quoniam
968 469 1198 510 coniuncta
1229 475 1412 512 tenetur.

298 535 399 578 inde
431 551 481 578 ea
510 551 711 592 proporro
743 551 895 593 corpus
926 537 1036 588 ferit,
1067 544 1199 594 atque
1229 540 1293 581 ita
1323 545 1417 582 tota
1706 543 1790 596 890

298 606 510 661 paulatim
541 607 674 649 moles
706 607 978 662 protruditur
1007 613 1139 664 atque
1170 615 1378 651 movetur.

297 680 521 730 praeterea
553 682 646 718 tum
678 677 854 719 rarescit
886 691 1054 733 quoque
1086 692 1239 733 corpus
1270 685 1314 720 et
1345 693 1429 729 aer,

297 743 460 786 scilicet
492 750 542 786 ut
573 745 704 787 debet
735 745 810 801 qui
840 760 1009 801 semper
1040 746 1210 788 mobilis
1240 752 1373 797 extat,

297 826 373 868 per
403 814 620 869 patefacta
651 814 770 856 venit
801 820 1087 870 penetratque
1120 816 1327 857 foramina
1359 817 1500 872 largus

296 887 341 923 et
373 882 637 939 dispargitur
668 884 722 926 ad
755 884 892 940 partis
922 884 985 926 ita
1017 899 1207 940 quasque
1239 885 1428 927 minutas
1704 889 1782 941 895

295 952 490 1006 corporis.
550 952 621 994 hic
651 952 786 1008 igitur
815 952 943 994 rebus
973 952 1024 994 fit
1055 953 1275 1008 utrimque
1307 953 1485 1003 duabus

294 1019 513 1076 †corporis
544 1027 595 1062 ut
625 1036 674 1063 ac
705 1021 827 1063 navis
858 1021 963 1063 velis
994 1027 1210 1076 ventoque
1243 1022 1414 1065 feratur.

295 1103 373 1131 nec
403 1095 553 1132 tamen
583 1090 692 1132 illud
724 1091 769 1132 in
802 1090 869 1132 his
899 1091 1027 1132 rebus
1059 1091 1254 1132 mirabile
1285 1097 1465 1141 constat,

294 1159 466 1201 tantula
498 1159 612 1215 quod
644 1165 819 1202 tantum
851 1175 1003 1215 corpus
1035 1160 1285 1216 corpuscula
1315 1169 1493 1216 possunt

294 1234 572 1284 contorquere
604 1234 649 1271 et
681 1244 789 1271 onus
819 1235 963 1271 totum
995 1236 1243 1271 convertere
1274 1235 1478 1272 nostrum.
1700 1244 1786 1285 900

293 1296 452 1352 quippe
485 1297 648 1338 etenim
681 1303 837 1339 ventus
868 1297 1019 1353 suptili
1050 1312 1221 1353 corpore
1252 1299 1394 1340 tenvis

293 1366 432 1408 trudit
463 1382 594 1424 agens
626 1381 827 1423 magnam
860 1381 1016 1423 magno
1048 1367 1268 1409 molimine
1299 1383 1454 1410 navem

291 1439 337 1477 et
367 1449 522 1476 manus
552 1450 639 1476 una
669 1435 782 1492 regit
812 1436 1039 1491 quantovis
1070 1436 1232 1491 impete
1264 1442 1442 1478 euntem

290 1509 423 1559 atque
452 1503 763 1560 gubernaclum
794 1510 1047 1560 contorquet
1077 1505 1271 1560 quolibet
1302 1521 1450 1556 unum,

289 1573 512 1628 multaque
543 1588 620 1629 per
650 1574 829 1615 trocleas
860 1579 904 1615 et
937 1580 1144 1629 tympana
1174 1574 1360 1629 pondere
1393 1589 1548 1631 magno
1698 1587 1778 1630 905

291 1650 531 1686 commovet
561 1649 694 1700 atque
725 1644 810 1685 levi
841 1643 1030 1685 sustollit
1062 1643 1262 1686 machina
1291 1644 1398 1686 nisu.

349 1713 480 1755 Nunc
511 1713 668 1769 quibus
699 1713 772 1755 ille
803 1714 942 1755 modis
972 1728 1147 1755 somnus
1177 1728 1253 1768 per
1284 1713 1477 1756 membra
1507 1714 1698 1770 quietem

289 1781 448 1839 inriget
480 1788 611 1838 atque
643 1782 777 1823 animi
810 1797 932 1823 curas
963 1796 986 1823 e
1017 1787 1188 1837 pectore
1220 1782 1369 1831 solvat,

289 1850 519 1892 suavidicis
550 1851 696 1906 potius
727 1865 856 1906 quam
888 1850 1038 1891 multis
1070 1850 1264 1892 versibus
1295 1850 1444 1902 edam;

289 1935 447 1976 parvus
478 1926 529 1962 ut
560 1926 626 1962 est
658 1920 779 1976 cycni
810 1920 960 1962 melior
990 1935 1127 1969 canor,
1159 1919 1230 1961 ille
1261 1934 1419 1976 gruum
1451 1935 1579 1976 quam
1696 1933 1783 1975 910

289 1989 449 2031 clamor
478 1989 524 2030 in
555 1989 761 2031 aetheriis
792 1989 1010 2044 dispersus
1041 1988 1230 2030 nubibus
1261 1989 1407 2031 austri.

288 2064 338 2100 tu
369 2058 477 2100 mihi
507 2058 561 2100 da
594 2059 738 2100 tenuis
769 2073 892 2099 aures
922 2058 1203 2113 animumque
1233 2072 1441 2113 sagacem,

288 2142 342 2169 ne
373 2127 468 2169 fieri
498 2128 668 2184 negites
699 2142 810 2183 quae
841 2127 981 2168 dicam
1012 2141 1135 2182 posse
1165 2133 1364 2182 retroque

287 2211 389 2238 vera
418 2197 660 2252 repulsanti
690 2196 884 2238 discedas
915 2202 1086 2252 pectore
1118 2195 1246 2245 dicta,

286 2265 468 2307 tutimet
499 2266 545 2307 in
575 2266 702 2322 culpa
733 2281 830 2308 cum
862 2266 919 2308 sis
950 2281 1090 2321 neque
1122 2281 1294 2307 cernere
1325 2266 1471 2322 possis.
1694 2278 1774 2321 915

286 2334 497 2390 principio
528 2350 701 2376 somnus
732 2335 783 2376 fit
813 2335 890 2377 ubi
921 2341 987 2377 est
1017 2334 1224 2376 distracta
1253 2350 1330 2390 per
1359 2340 1479 2377 artus

286 2403 351 2445 vis
381 2403 550 2445 animae
581 2405 828 2460 partimque
859 2405 969 2446 foras
1001 2403 1137 2445 eiecta
1166 2404 1341 2445 recessit

287 2475 331 2512 et
361 2471 520 2525 partim
553 2478 752 2513 contrusa
784 2472 921 2528 magis
952 2472 1160 2513 concessit
1190 2471 1236 2512 in
1267 2473 1429 2523 altum3

287 2538 585 2581 dissoluuntur
615 2540 731 2582 enim
766 2546 862 2582 tum
894 2541 1068 2582 demum
1100 2540 1293 2581 membra
1323 2540 1563 2596 fluuntque.

170 2650 291 2682 Lamb.
311 2651 376 2683 Gif.
400 2650 525 2683 Creech
542 2653 603 2684 etc.
625 2653 788 2693 Wrongly.
879 2657 1009 2684 constat
1024 2652 1050 2682 F
1053 2652 1116 2683 lor.
1134 2652 1175 2683 31
1193 2652 1278 2684 Mar.
1301 2652 1353 2683 for
1368 2657 1527 2684 constare.
1621 2652 1780 2694 890serit

170 2704 256 2736 Mar.
273 2705 349 2736 Ald.
368 2706 385 2736 1
403 2705 501 2737 Junt.
518 2707 572 2738 for
582 2708 683 2746 perit.
847 2708 910 2739 897
927 2707 957 2737 is
974 2708 1113 2745 corrupt
1128 2719 1135 2737 :
1160 2716 1213 2737 see
1229 2708 1328 2738 notes
1346 2707 1376 2738 2.
1426 2706 1551 2746 Corpus
1566 2710 1604 2738 ut
1620 2707 1664 2737 ad
1680 2708 1779 2739 navis

168 2758 232 2790 Ed.
258 2759 296 2790 in
319 2759 370 2790 ed.
397 2760 425 2791 2.
477 2762 588 2800 Aeque
610 2761 647 2791 id
665 2765 703 2791 ut
724 2771 763 2792 ao
784 2762 882 2792 ’navis
903 2761 1006 2791 Bern.
1030 2760 1100 2791 and
1120 2759 1185 2791 Ed.
1207 2760 1245 2791 in
1266 2760 1318 2791 ed.
1342 2760 1372 2791 1.
1421 2762 1574 2801 Corporis
1597 2765 1636 2791 ut
1659 2760 1776 2793 Camb.

169 2811 246 2844 Vat.
264 2812 366 2845 3276:
392 2813 466 2845 also
481 2813 588 2845 Lach.
606 2815 693 2846 after
710 2814 877 2846 Muretus.
919 2815 1044 2854 Corpus
1062 2815 1125 2852 uti,
1143 2819 1181 2845 ut
1196 2814 1318 2846 Lamb.
1338 2814 1474 2845 Creech.
1513 2815 1594 2845 velis
1607 2819 1777 2856 ventoque.

167 2868 265 2898 remis
280 2872 440 2907 ventoque
458 2868 629 2900 Gassendi
646 2879 748 2909 opera
764 2878 793 2900 11
809 2879 842 2909 p.
860 2870 924 2901 506
940 2869 972 2901 b.
1144 2870 1206 2902 905
1219 2870 1364 2910 pondere
1382 2879 1510 2909 mayno.
1557 2869 1684 2901 ‘immo
1695 2880 1778 2910 pon-

169 2922 250 2953 dera
265 2922 402 2962 mayna'
417 2922 521 2954 Lach.
540 2922 686 2955 without
704 2923 792 2964 good
807 2933 949 2956 reason:
976 2933 1087 2964 comp.
1103 2933 1124 2953 v
1140 2923 1214 2956 556.
1368 2924 1431 2956 915
1449 2925 1594 2955 Τιιίίηιει
1609 2924 1675 2956 Εᾶ.
1695 2925 1779 2956 with
