1997 3267
681 611 733 661 T.
782 612 1089 662 LUCRETI
1136 611 1306 663 CARI

507 777 627 834 DE
693 778 1016 835 RERUM
1085 781 1464 836 NATURA

743 970 920 1010 LIBER
958 972 1203 1011 TERTIUS

301 1216 339 1258 E
370 1215 559 1258 tenebris
589 1215 724 1258 tantis
754 1220 846 1257 tam
877 1215 1040 1258 clarum
1072 1216 1276 1258 extollere
1307 1219 1453 1259 lumen

301 1284 376 1340 qui
406 1284 570 1340 primus
601 1284 782 1339 potuisti
813 1284 1047 1325 inlustrans
1078 1285 1300 1326 commoda
1330 1286 1458 1334 vitae,

301 1359 346 1395 te
376 1368 540 1409 sequor,
571 1368 594 1395 ο
626 1353 780 1395 Graiae
811 1354 955 1410 gentis
985 1354 1124 1402 decus,
1156 1354 1286 1410 inque
1318 1355 1406 1396 tuis
1437 1370 1549 1396 nunc

301 1422 402 1464 ficta
431 1423 592 1479 pedum
623 1438 734 1478 pono
764 1423 920 1478 pressis
951 1423 1135 1478 vestigia
1166 1423 1310 1479 signis,

300 1506 387 1533 non
416 1491 480 1533 ita
509 1492 702 1533 certandi
733 1492 916 1547 cupidus
947 1507 1076 1548 quam
1108 1499 1281 1548 propter
1311 1508 1501 1534 amorem
1772 1501 1792 1546 5

302 1561 416 1616 quod
446 1567 491 1602 te
521 1561 684 1602 imitari
714 1576 841 1613 ave03
883 1561 987 1617 quid
1018 1562 1134 1604 enim
1165 1563 1397 1604 contendat
1429 1562 1612 1604 hirundo

302 1631 455 1687 cycnis,
485 1636 563 1673 aut
594 1631 801 1687 quidnam
833 1631 1030 1673 tremulis
1061 1632 1197 1674 facere
1229 1633 1410 1674 artubus
1442 1632 1569 1674 haedi

302 1700 520 1743 consimile
551 1700 597 1742 in
627 1716 753 1742 cursu
786 1701 951 1756 possint
982 1707 1027 1743 et
1059 1702 1180 1743 fortis
1211 1702 1311 1758 equi
1342 1702 1438 1743 vis?

303 1774 364 1819 tu,
394 1774 529 1825 pater,
560 1784 605 1810 es
635 1784 778 1811 rerum
810 1770 1019 1820 inventor,
1050 1775 1099 1811 tu
1131 1770 1272 1825 patria
1301 1770 1424 1811 nobis

303 1838 554 1894 suppeditas
584 1846 824 1894 praecepta,
855 1839 1028 1894 tuisque
1060 1854 1123 1888 ex,
1155 1839 1329 1889 inclute,
1361 1839 1533 1889 chartis,
1748 1849 1801 1881 10

302 1906 499 1948 floriferis
529 1912 580 1948 ut
609 1921 712 1962 apes
742 1907 788 1948 in
818 1907 1000 1948 saltibus
1032 1907 1175 1948 omnia
1206 1907 1356 1958 libant,

303 1974 446 2017 omnia
475 1989 552 2016 nos
582 1974 735 2016 itidem
766 1975 1037 2030 depascimur
1066 1990 1196 2016 aurea
1226 1975 1354 2027 dicta,

304 2058 445 2093 aurea,
475 2050 688 2099 perpetua
718 2058 888 2099 semper
917 2043 1172 2100 dignissima
1202 2044 1303 2086 vita.

304 2128 405 2155 nam
436 2113 566 2155 simul
597 2128 646 2154 ac
677 2113 786 2155 ratio
817 2119 896 2155 tua
925 2114 1068 2169 coepit
1100 2113 1325 2155 vociferari

304 2187 506 2223 naturam
537 2197 693 2232 rerum,
723 2182 870 2224 divina
901 2187 1046 2224 mente
1078 2187 1232 2230 coorta,
1752 2190 1801 2234 15

303 2249 541 2306 diffugiunt
571 2251 706 2292 animi
737 2257 931 2301 terrores,
962 2251 1130 2292 moenia
1162 2250 1314 2292 mundi

305 2318 542 2369 discedunt,
573 2324 717 2360 totum
748 2319 872 2361 video
902 2334 979 2375 per
1008 2319 1136 2360 inane
1166 2319 1259 2376 geri
1290 2334 1367 2362 res.

303 2394 484 2444 apparet
514 2388 663 2430 divum
694 2404 857 2430 numen
887 2389 1094 2444 sedesque
1126 2388 1300 2444 quietae

305 2472 412 2513 quas
440 2472 581 2513 neque
611 2458 866 2500 concutiunt
896 2458 1017 2500 venti
1047 2473 1126 2500 nec
1155 2457 1307 2499 nubila
1336 2456 1497 2499 nimbis

305 2532 541 2583 aspergunt
570 2542 711 2583 neque
741 2528 816 2568 nix
847 2528 934 2569 acri
964 2533 1163 2569 concreta
1192 2527 1348 2583 pruina
1749 2536 1806 2569 20

307 2612 413 2638 cana
443 2596 598 2638 cadens
628 2597 761 2639 violat
792 2612 1038 2654 semperque
1068 2597 1291 2638 innubilus
1321 2596 1472 2638 aether

239 2711 257 2742 1
281 2712 312 2742 E
336 2710 432 2743 Mon.
465 2710 559 2742 Brix.
591 2710 666 2743 Ver.
703 2710 788 2743 Ven.
812 2711 865 2743 for
891 2711 918 2744 O
940 2712 976 2743 of
1005 2712 1035 2742 A
1057 2711 1155 2742 Vien.
1180 2711 1265 2751 frag.
1312 2720 1380 2742 om.
1403 2710 1433 2741 B
1456 2709 1549 2741 Nice.
1594 2710 1621 2741 A
1646 2708 1738 2741 Flor.
1763 2711 1804 2741 31

193 2765 312 2797 Camb.
511 2765 551 2796 11
569 2766 678 2796 libant
694 2766 822 2797 Avanc.
838 2766 984 2806 Nauger.
1002 2765 1071 2798 Gif.
1090 2765 1196 2797 Lach.
1213 2766 1266 2796 for
1283 2766 1411 2796 limant.
1460 2767 1467 2781 ‘
1479 2774 1525 2796 an
1541 2763 1651 2804 magis
1676 2764 1800 2796 libant’

194 2819 281 2851 Mar.
457 2818 497 2850 15
521 2824 633 2850 coorta
657 2818 762 2850 Orelli
784 2818 890 2852 Lach.
919 2819 972 2851 for
995 2824 1150 2851 coortam.
1324 2819 1364 2849 21
1388 2828 1574 2858 semperque
1598 2817 1689 2850 Nico.
1717 2827 1803 2850 corr.

192 2873 283 2906 Flor.
319 2873 360 2905 31
388 2872 506 2904 Camb.
535 2873 614 2905 Vat.
644 2873 728 2905 1136
756 2873 824 2905 and
849 2874 932 2907 1954
958 2873 1082 2906 Othob.
1110 2873 1211 2905 Pont.
1236 2873 1323 2904 Mar.
1347 2873 1446 2904 Junt.
1472 2871 1592 2903 Lamb.
1620 2870 1726 2903 Lach.
1751 2872 1805 2904 for

193 2937 326 2968 semper.
374 2937 498 2969 semper
519 2929 591 2959 sine
614 2929 756 2960 nubibus
780 2928 855 2962 Ald.
883 2928 914 2967 1,
938 2928 1082 2960 because
1104 2928 1194 2966 Ver„
1218 2927 1288 2959 and
1310 2927 1396 2959 Ven.
1421 2936 1466 2958 on
1488 2925 1599 2957 which
1627 2925 1703 2957 Ald.
1730 2927 1747 2957 1
1770 2925 1800 2958 is
