1997 3267
846 142 918 183 III
1618 157 1688 198 131

213 254 261 290 ut
292 247 494 303 quiddam
526 247 617 288 fieri
648 247 845 289 videatur
874 247 928 288 ab
959 247 1155 289 omnibus
1187 263 1334 298 unum,
1614 253 1691 303 285

210 317 255 358 ni
286 316 397 358 calor
425 331 474 357 ac
505 321 658 357 ventus
688 329 876 356 seorsum
909 329 1183 370 seorsumque
1214 321 1405 371 potestas

210 385 318 426 aeris
348 385 608 426 interemant
639 398 809 425 sensum
841 383 1100 438 diductaque
1132 384 1306 425 solvant.

209 459 276 495 est
307 453 466 495 etenim
498 453 609 494 calor
639 452 709 494 ille
740 451 894 501 animo,
926 467 1053 507 quem
1086 453 1231 501 sumit,
1263 453 1307 494 in
1340 453 1402 494 ira

208 537 307 564 cum
339 522 534 564 fervescit
565 527 609 563 et
640 536 691 563 ex
723 521 855 562 oculis
885 521 1016 562 micat
1047 521 1215 563 acribus
1245 522 1368 563 ardor
1385 537 1394 574 ;

209 596 274 632 est
305 596 349 632 et
380 590 534 647 frigida
564 590 702 631 multa
733 603 872 630 comes
904 589 1141 630 formidinis
1172 605 1276 631 aura
1611 603 1695 644 290

208 674 317 716 quae
347 660 432 702 ciet
463 661 676 702 horrorem
708 658 909 700 membris
941 664 985 700 et
1016 659 1201 700 concitat
1232 665 1378 712 artus;

208 735 274 771 est
304 730 435 772 etiam
467 744 634 786 quoque
667 729 806 783 pacati
837 733 978 770 status
1008 729 1118 770 aeris
1149 729 1233 778 ille,

209 804 379 853 pectore
410 799 641 854 tranquillo
673 797 723 839 fit
754 797 826 852 qui
860 797 1065 852 voltuque
1096 812 1254 840 sereno.

207 866 282 908 sed
313 866 438 907 calidi
469 867 566 922 plus
596 871 662 907 est
692 865 776 906 illis
808 865 963 920 quibus
994 865 1105 907 acria
1136 865 1262 906 corda

208 935 494 991 iracundaque
526 950 645 977 mens
676 935 797 976 facile
829 934 1067 976 effervescit
1098 935 1142 975 in
1176 935 1249 976 ira.
1611 946 1688 988 295

206 1019 291 1060 quo
321 1019 477 1061 genere
508 1004 552 1045 in
585 1004 734 1060 primis
767 1004 831 1045 vis
863 1010 928 1045 est
959 1004 1147 1045 violenta
1179 1004 1361 1053 leonum,

206 1078 379 1129 pectora
410 1073 483 1128 qui
515 1073 687 1114 fremitu
719 1065 928 1127 rumpunt
958 1073 1211 1128 plerumque
1241 1077 1463 1129 gementes

206 1155 285 1183 nec
315 1156 465 1196 capere
495 1141 655 1182 irarum
687 1140 843 1182 fluctus
874 1141 917 1182 in
951 1147 1120 1195 pectore
1152 1147 1341 1196 possunt.

206 1215 252 1251 at
283 1216 458 1251 ventosa
489 1209 626 1266 magis
657 1224 877 1251 cervorum
910 1209 1064 1266 frigida
1095 1225 1215 1251 mens
1245 1216 1310 1251 est

206 1285 251 1320 et
279 1277 443 1334 gelidas
474 1278 602 1319 citius
632 1292 708 1334 per
739 1278 901 1319 viscera
931 1278 1118 1320 concitat
1149 1293 1274 1319 auras
1611 1290 1693 1332 300

205 1361 315 1402 quae
346 1346 577 1388 tremulum
609 1347 771 1388 faciunt
803 1347 1005 1389 membris
1035 1347 1218 1389 existere
1250 1353 1426 1390 motum.

205 1421 251 1457 at
281 1421 434 1457 natura
463 1415 592 1457 boum
622 1415 788 1471 placido
821 1416 955 1471 magis
984 1430 1080 1457 aere
1112 1416 1231 1466 vivit,

205 1498 283 1526 nec
313 1483 441 1525 nimis
471 1484 550 1525 irai
582 1484 649 1525 fax
681 1499 886 1540 umquam
918 1484 1091 1526 subdita
1121 1485 1256 1540 percit

207 1551 380 1603 fumida,
411 1552 661 1594 suffundens
692 1567 840 1594 caecae
872 1553 1067 1609 caliginis
1097 1554 1261 1603 umbra,

205 1636 285 1663 nec
314 1621 466 1677 gelidis
497 1627 640 1677 torpet
671 1621 769 1663 telis
799 1621 961 1677 perfixa
991 1622 1183 1677 pavoris:
1607 1632 1685 1676 305

206 1689 320 1731 inter
349 1694 552 1744 utrosque
583 1689 720 1740 sitast,
752 1704 894 1731 cervos
926 1704 1156 1745 saevosque
1187 1690 1338 1732 leones.

206 1757 266 1799 sic
296 1757 518 1798 hominum
548 1772 684 1813 genus
715 1763 789 1799 est.
851 1758 1046 1813 quamvis
1077 1758 1270 1800 doctrina
1300 1758 1455 1813 politos

207 1826 442 1868 constituat
472 1826 633 1881 pariter
663 1826 878 1881 quosdam,
910 1832 1056 1868 tamen
1087 1827 1160 1868 illa
1190 1827 1398 1882 relinquit

204 1902 384 1937 naturae
415 1894 621 1950 cuiusque
651 1895 785 1936 animi
816 1895 998 1950 vestigia
1028 1895 1172 1949 prima.

205 1978 283 2005 nec
314 1962 518 2004 radicitus
548 1962 673 2004 evelli
704 1963 816 2004 mala
846 1977 967 2018 posse
998 1963 1295 2018 putandumst,
1608 1975 1690 2016 310

206 2029 310 2086 quin
339 2028 566 2084 proclivius
598 2029 667 2070 hic
698 2029 780 2070 iras
811 2029 1008 2071 decurrat
1039 2029 1094 2071 ad
1124 2030 1244 2080 acris,

205 2097 277 2139 ille
307 2102 427 2138 metu
458 2096 586 2138 citius
615 2097 742 2152 paulo
773 2102 1022 2152 temptetur,
1053 2103 1099 2138 at
1130 2097 1202 2139 ille

205 2166 360 2208 tertius
390 2165 571 2221 accipiat
603 2165 811 2220 quaedam
843 2165 1096 2207 clementius
1127 2180 1273 2221 aequo.

205 2236 334 2292 inque
365 2235 460 2276 aliis
491 2235 616 2276 rebus
647 2235 796 2276 multis
826 2234 995 2276 differre
1026 2240 1238 2276 necessest

91 2365 112 2388 a
140 2363 321 2394 necessary
347 2354 487 2393 change.
532 2353 637 2386 Lach.
669 2353 798 2393 tightly
820 2353 950 2384 follows
980 2352 1092 2385 Bentl.
1120 2352 1157 2383 in
1187 2351 1321 2393 joining
1352 2354 1388 2384 in
1418 2352 1471 2384 ira
1499 2351 1582 2384 with
1608 2353 1689 2384 Cum

86 2409 254 2449 fervescit.
388 2408 449 2439 289
472 2406 602 2438 aeribus
618 2406 736 2439 Lamb.
757 2405 808 2437 ed.
833 2408 852 2437 2
876 2406 945 2438 and
968 2407 988 2437 3
1011 2406 1064 2437 for
1087 2407 1208 2437 acrius.
1347 2407 1409 2438 290
1433 2411 1474 2437 et.
1521 2417 1560 2438 ea
1582 2406 1687 2438 Lach.

91 2463 277 2494 intolerant
293 2463 329 2494 of
343 2467 375 2494 et
390 2461 442 2493 for
457 2463 569 2494 etiam.
701 2462 764 2494 293
778 2462 824 2500 fit
840 2463 910 2502 qui.
956 2462 1016 2501 qui
1032 2461 1078 2501 fit
1093 2460 1180 2491 Mar.
1196 2459 1273 2492 Aid.
1293 2460 1310 2491 1
1328 2460 1426 2492 Junt.
1443 2459 1544 2500 vulgo
1559 2460 1686 2492 Lach.:

91 2516 154 2547 but
177 2525 230 2547 see
252 2517 351 2547 notes
373 2516 404 2548 2.
528 2515 590 2547 298
613 2515 643 2545 is
665 2514 783 2555 placed
805 2514 849 2555 by
871 2514 976 2546 Lach.
1003 2514 1114 2545 before
1138 2513 1202 2546 296
1225 2513 1372 2545 without
1394 2523 1505 2545 cause.
1626 2514 1688 2545 303

91 2572 189 2602 ‘nimis
204 2570 293 2601 Flor.
311 2570 351 2601 31
368 2569 486 2601 Gamb.
503 2569 580 2602 Vat.
598 2570 681 2602 1954
698 2569 823 2601 Othob.
841 2569 924 2601 Mar.
944 2569 997 2600 for
1012 2570 1130 2601 miuus.
1259 2569 1322 2600 304
1338 2569 1481 2600 Fumida
1497 2568 1688 2608 szffunclens

91 2625 180 2657 Flor.
210 2624 250 2655 31
275 2623 392 2655 Gamb.
419 2633 504 2655 corr.
531 2623 583 2654 for
607 2625 766 2655 Fumida-3
790 2625 969 2664 effundens.
1014 2625 1130 2655 ‘cimbra
1152 2622 1192 2654 B.
1237 2624 1384 2654 umbram
1405 2622 1434 2652 A
1454 2622 1548 2653 Nice.
1571 2621 1687 2654 Camb.

91 2679 202 2711 which
224 2688 303 2719 may
325 2678 365 2710 be
387 2677 497 2717 right:
530 2687 640 2718 comp.
664 2677 775 2710 Plaut.
803 2678 878 2710 rud.
904 2679 966 2709 583
992 2678 1096 2716 Quasi
1119 2678 1209 2708 vinis
1238 2677 1376 2708 Graecis
1399 2677 1571 2716 Neptunus
1594 2678 1688 2708 nobis

91 2734 229 2774 suffudit
243 2743 342 2764 mare.
474 2733 536 2764 305
547 2734 683 2772 pavoris
700 2732 786 2763 Mar.
803 2731 879 2762 Ald.
898 2733 915 2763 1
931 2731 1027 2763 Junt.
1048 2731 1099 2762 for
1115 2732 1260 2771 vaporis.
1396 2731 1458 2762 306
1473 2731 1567 2762 Inter
1581 2735 1685 2762 utros-

92 2796 152 2828 que
167 2788 266 2817 sitast
279 2786 407 2817 Avanc.
426 2785 506 2827 (sita
521 2790 568 2816 est
589 2784 675 2817 Mar.
698 2785 806 2823 Junt.)
823 2785 876 2816 sor
897 2786 991 2816 Inter
1011 2789 1163 2825 utrasque
1185 2785 1279 2815 sitas.
1325 2785 1410 2815 sitas
1433 2783 1470 2814 of
1490 2793 1572 2814 mss.
1594 2785 1687 2816 must

91 2839 132 2871 be
145 2840 262 2870 sitast:
286 2837 345 2870 the
361 2837 468 2869 scribe
483 2837 548 2869 has
563 2837 647 2869 then
669 2838 815 2878 adapted
838 2843 992 2878 utrasque
1017 2840 1052 2869 to
1075 2839 1168 2870 sitae.
1217 2839 1452 2878 Interutraque
1472 2846 1561 2868 secus
1582 2836 1685 2869 Lach.

90 2894 324 2933 Interutmque
340 2898 428 2925 secat
443 2893 543 2926 Bern.
635 2893 697 2926 309
713 2893 863 2925 Naturae
879 2892 963 2926 Mar.
984 2892 1082 2923 Junt.
1099 2891 1152 2923 for
1166 2893 1311 2924 Natura.
1415 2891 1477 2923 317
1494 2895 1582 2931 quot.
1601 2892 1687 2932 quod

1461 2959 1570 2999 9--2
