1997 3267
845 175 909 216 VI
1596 178 1676 228 287

217 291 389 332 corpora
420 276 622 317 continuo
654 275 698 316 in
732 290 916 316 vacuum
950 274 1091 316 vicina
1122 276 1344 327 feruntnr3

216 346 376 402 quippe
407 345 630 402 agitantur
661 344 775 395 enim
808 344 947 400 plagis
977 344 1151 386 aliunde
1183 360 1259 386 nec
1292 346 1384 400 ipsa
1571 358 1679 388 1020

216 421 368 470 sponte
399 429 476 456 sua
506 429 674 455 sursum
706 419 886 470 possunt
918 428 1170 470 consurgere
1203 415 1247 455 in
1279 430 1414 457 auras.

216 483 300 525 huc
331 483 495 526 accedit
527 483 632 525 item
665 484 815 538 (quare
847 488 979 538 queat
1011 483 1053 524 id
1087 483 1222 539 magis
1254 498 1355 532 esso,

217 553 320 595 haec
351 568 520 609 quoque
552 568 618 594 res
649 552 900 593 adiumento
932 557 1138 607 motuque
1171 552 1364 606 iuvatur)

216 623 341 679 quod,
372 622 499 664 simul
531 638 557 664 a
587 623 724 663 fronte
757 627 823 662 cst
853 621 983 662 anelli
1014 621 1146 662 rarior
1176 636 1249 662 aer

218 692 355 734 factus
386 691 663 747 inanitusque
696 690 813 731 locus
844 690 981 746 magis
1013 704 1061 731 ac
1093 698 1311 739 vacuatus,
1570 703 1673 744 1025

80 773 183 814 1033
217 761 421 802 continuo
452 760 502 802 fit
534 760 599 801 uti
632 759 706 815 qui
737 764 834 815 post
865 765 930 800 est
961 773 1144 814 cumque
1178 758 1340 800 locatus

80 833 186 873 1026
217 845 290 872 aer
320 845 346 871 a
377 837 496 886 tergo
528 829 650 886 quasi
681 828 891 885 provehat
921 834 1052 883 atque
1086 828 1308 884 propellat.

215 914 384 956 sempor
414 899 529 941 enim
561 898 889 954 circumpositus
918 913 986 939 res
1018 898 1214 940 verberat
1245 913 1341 949 acr3

217 969 290 1012 sed
322 970 400 1011 tali
431 970 482 1011 fit
512 969 580 1011 uti
610 969 822 1025 propellat
853 974 1046 1024 tempore
1081 969 1251 1016 ferrum,

216 1045 338 1095 parte
370 1039 483 1095 quod
515 1053 567 1080 ex
600 1054 685 1080 una
715 1037 906 1094 spatium
939 1043 1062 1079 vacat
1094 1044 1138 1079 et
1169 1038 1285 1094 capit
1317 1038 1361 1079 in
1392 1053 1445 1080 se.
1571 1051 1678 1091 1030

79 1121 187 1163 1030
217 1109 299 1160 hic,
329 1109 411 1151 tibi
442 1124 570 1165 quem
604 1123 802 1157 memoro,
835 1123 910 1164 per
941 1107 1088 1149 crebra
1118 1107 1327 1149 foramina
1357 1107 1454 1149 ferri

218 1192 369 1233 parvas
399 1177 453 1219 ad
485 1177 620 1233 partis
650 1176 870 1219 subtiliter
901 1176 1146 1217 insinuatus

220 1247 356 1288 trudit
388 1253 432 1289 et
463 1247 644 1302 inpellit,
677 1246 799 1302 quasi
830 1261 983 1287 navem
1016 1246 1196 1301 velaque
1228 1252 1393 1287 ventus.

79 1327 186 1369 1034
217 1316 402 1372 denique
432 1331 499 1357 res
531 1330 679 1357 omnes
709 1315 872 1357 debent
903 1315 947 1356 in
979 1329 1150 1370 corpore
1183 1314 1340 1356 habere

216 1400 325 1432 aera,
359 1385 707 1441 quandoquidem
739 1400 833 1426 raro
864 1390 966 1426 sunt
997 1399 1169 1440 corpore
1201 1390 1246 1426 et
1275 1398 1349 1426 aer
1571 1397 1672 1439 1035

218 1455 418 1497 omnibus
449 1461 515 1497 est
545 1455 673 1497 rebus
705 1454 995 1496 circumdatus
1025 1453 1342 1509 adpositusque.

219 1524 289 1567 hic
319 1524 467 1581 igitur,
499 1524 674 1580 penitus
705 1523 781 1580 qui
811 1524 856 1565 in
887 1524 1039 1566 ferrost
1070 1523 1244 1565 abditus
1275 1537 1355 1572 aer,

217 1594 399 1636 sollicito
430 1600 551 1636 motu
584 1609 752 1650 semper
783 1593 971 1635 iactatur
1002 1607 1136 1648 eoque

216 1663 415 1705 verberat
445 1663 634 1705 anellum
665 1663 798 1705 dubio
829 1662 975 1718 procul
1008 1667 1052 1704 et
1083 1662 1168 1704 ciet
1200 1661 1319 1703 intus

217 1732 404 1774 scilicet:
445 1732 517 1773 ille
549 1731 698 1774 codem
731 1732 867 1773 fertur
897 1745 981 1787 quo
1012 1730 1313 1786 praecipitavit
1571 1743 1678 1783 1040

218 1802 303 1844 iam
335 1801 466 1843 semel
498 1807 543 1843 et
574 1806 741 1857 partem
772 1801 818 1842 in
849 1815 1027 1842 vacuam
1060 1800 1284 1841 conamina
1315 1799 1509 1855 sumpsit.

278 1871 350 1912 Fit
382 1885 550 1927 quoque
582 1877 634 1912 ut
665 1886 690 1912 a
720 1870 862 1926 lapide
894 1869 972 1911 hoc
1003 1869 1103 1911 ferri
1133 1875 1291 1911 natura
1321 1869 1491 1911 recedat

219 1940 450 1991 interdum,
482 1941 630 1997 fugere
661 1946 792 1996 atque
823 1940 946 1996 sequi
977 1944 1181 1981 consueta
1211 1938 1407 1981 vicissim.

220 2009 414 2052 exultare
445 2009 579 2051 etiam
611 2009 909 2052 Samothracia
939 2009 1075 2050 ferrea
1105 2008 1194 2050 vidi

220 2085 265 2121 et
296 2083 492 2120 ramenta
522 2078 650 2120 simul
682 2078 781 2120 ferri
812 2079 951 2120 furere
982 2078 1102 2119 intus
1132 2077 1282 2119 ahenis
1572 2087 1672 2130 1045

219 2147 266 2189 in
296 2147 492 2203 scaphiis,
523 2147 630 2203 lapis
662 2147 731 2188 hic
764 2147 944 2202 Magnes
975 2161 1073 2188 cum
1105 2146 1307 2188 subditus
1337 2151 1472 2188 esset:

219 2231 354 2273 usque
384 2215 491 2258 adeo
522 2216 670 2272 fugere
700 2215 755 2257 ab
786 2230 888 2257 saxo
918 2215 1077 2272 gestire
1109 2214 1291 2257 videtur.

75 2413 106 2440 te
124 2409 219 2449 ferro
242 2408 283 2440 A.
330 2414 360 2440 te
377 2408 470 2448 ferre
486 2407 580 2440 Nico.
597 2406 735 2439 whence
756 2408 880 2448 referre
903 2406 998 2439 Brix.
1015 2406 1091 2439 Ver.
1111 2407 1196 2439 Ven.
1242 2408 1281 2439 de
1299 2409 1393 2449 ferro
1415 2407 1503 2441 Flor.
1525 2408 1566 2439 31
1591 2407 1677 2439 Mar.

73 2462 172 2495 Junt.
189 2462 279 2502 vulg.
299 2460 413 2493 before
428 2461 532 2495 Laoh.
670 2462 754 2493 1018
769 2472 784 2493 e
800 2461 892 2492 Flor.
909 2462 949 2492 31
969 2460 1088 2493 Camb.
1105 2462 1158 2493 for
1174 2466 1216 2494 et.
1263 2472 1302 2493 ex
1320 2462 1412 2494 Mon.
1432 2461 1510 2493 Ver.
1527 2462 1612 2494 Ven.

118 2517 325 2558 1020pza91s
341 2516 433 2548 Flor.
451 2517 492 2548 31
509 2515 626 2547 Camb.
646 2515 747 2548 Pont.
766 2516 852 2547 Mar.
870 2516 922 2547 for
931 2517 1056 2556 playit.
1223 2515 1306 2547 1022
1324 2516 1407 2547 1023
1424 2518 1486 2548 not
1501 2526 1519 2548 a
1536 2516 1635 2549 letter
1649 2517 1678 2549 is

73 2575 110 2604 to
132 2571 174 2603 be
196 2570 367 2611 changed:
397 2571 479 2611 only
502 2569 561 2602 the
585 2570 748 2611 stopping
769 2571 799 2602 is
822 2572 858 2602 to
881 2570 921 2602 be
943 2570 1100 2604 mended.
1150 2572 1240 2602 item.
1285 2573 1356 2603 utez'
1379 2570 1482 2603 Lach.
1528 2574 1674 2605 iuvatur.

74 2628 208 2658 iuvetur
222 2625 347 2663 Lach.;
371 2624 470 2656 Wak.
487 2624 551 2656 has
567 2624 652 2656 been
669 2624 792 2656 misled
808 2625 852 2666 by
867 2634 888 2656 a
903 2624 1048 2656 blunder
1064 2625 1099 2657 of
1121 2625 1266 2657 Haverc.
1474 2626 1558 2657 1025
1574 2628 1677 2667 mayis

74 2680 190 2713 Camb.
210 2680 286 2713 Ver.
306 2680 388 2712 Ven.
411 2680 497 2711 Mar.
515 2680 567 2711 for
582 2682 722 2720 maym's.
768 2682 872 2720 mayis
890 2681 978 2712 Iocus
993 2679 1084 2711 Flor.
1101 2680 1154 2712 31.
1375 2679 1459 2712 1026
1477 2680 1585 2722 (1033)
1602 2681 1676 2713 first

72 2735 193 2776 placed
207 2735 288 2767 here
303 2734 340 2766 in
355 2734 431 2766 Ald.
450 2735 467 2765 1
485 2734 554 2766 and
570 2735 590 2766 J
593 2737 666 2766 unt.
684 2737 746 2766 not
761 2734 805 2775 by
820 2735 919 2767 Pont.
937 2744 975 2766 or
991 2735 1078 2766 Mar.
1267 2734 1351 2768 1027
1366 2737 1434 2767 Aer
1448 2746 1470 2767 a
1485 2741 1575 2775 teryo
1592 2736 1676 2767 Mar.

73 2789 150 2822 Ald.
168 2790 187 2821 1
203 2789 302 2821 Junt.
319 2789 372 2820 for
387 2790 476 2820 Erat
493 2799 578 2829 erqo.
845 2789 929 2820 1032
944 2789 1088 2821 Parvas.
1143 2789 1266 2821 Privas
1283 2788 1352 2821 Gif.
1408 2789 1540 2821 Primas
1555 2789 1675 2821 Lamb.

73 2844 123 2877 ed.
142 2846 174 2877 3.
351 2844 435 2875 1033
451 2849 566 2875 ventus
582 2843 662 2875 Pius
679 2844 731 2875 for
746 2845 866 2875 ventis.
1066 2844 1150 2876 1040
1166 2844 1225 2876 ille
1239 2843 1347 2876 Lach.
1365 2843 1417 2875 for
1431 2844 1493 2875 illo
1509 2843 1538 2874 B
1554 2843 1675 2875 Vienn.

72 2900 174 2940 frag.:
206 2908 275 2933 om.
308 2900 340 2931 A
367 2899 460 2930 Nice.
487 2898 604 2932 Camb.
636 2901 698 2932 etc.
748 2904 849 2940 atque
880 2898 907 2930 F
909 2899 972 2932 lor.
1002 2900 1044 2931 31
1075 2899 1159 2931 Mar.
1193 2898 1290 2930 Junt.
1320 2899 1410 2939 vulg.
1455 2901 1548 2940 isque
1578 2899 1675 2931 Wak.

72 2954 161 2996 conj.
340 2953 423 2987 1047
437 2955 478 2985 ab
495 2964 574 2985 saxo
589 2953 695 2986 Lach.
713 2953 766 2985 for
781 2964 802 2985 a
817 2963 906 2985 saxo.
1100 2953 1183 2986 1059
1199 2954 1248 2985 Et
1262 2953 1366 2986 Laoh.
1387 2953 1440 2984 for
1455 2955 1500 2984 At
1513 2953 1574 2984 BA
1590 2963 1676 2985 corr.
