1997 3267
213 191 296 230 268
977 180 1041 221 VI

325 307 497 349 surgere
527 291 581 333 de
612 297 725 332 terra
754 288 935 331 nebulas
965 294 1221 344 aestumque
1253 289 1462 339 videmus,

325 376 434 418 quae
465 360 583 401 velut
614 359 776 400 halitus
807 358 907 399 hinc
937 358 1001 399 ita
1030 372 1199 399 sursum
1232 372 1431 413 expressa
1462 358 1660 400 feruntur

326 429 666 483 suffunduntque
698 442 777 469 sua
806 426 973 468 caelum
1004 426 1187 482 caligine
1219 431 1264 467 et
1295 426 1404 468 altas

326 498 544 541 sufficiunt
574 497 704 539 nubis
735 495 947 552 paulatim
979 495 1301 547 conveniundo;
1735 497 1823 547 480

326 572 452 623 urget
482 567 595 608 enim
628 580 797 621 quoque
828 564 1022 621 signiferi
1053 579 1181 620 super
1211 563 1400 605 aetheris
1431 568 1576 605 aestus

327 643 369 677 et
401 634 522 690 quasi
553 633 769 675 densendo
801 632 995 675 subtexit
1027 633 1196 674 caerula
1226 632 1395 674 nimbis.

328 705 378 746 fit
409 719 576 760 quoque
608 709 659 745 ut
691 703 774 744 huc
805 702 983 744 veniant
1013 702 1058 743 in
1090 702 1255 744 caelum
1287 702 1553 744 extrinsecus
1583 701 1657 743 illa

327 788 496 829 corpora
527 788 636 828 quae
669 772 832 813 faciunt
862 771 991 813 nubis
1021 771 1275 826 nimbosque
1307 771 1514 823 volantis3

325 841 683 884 innumerabilem
715 840 829 882 enim
862 855 1091 881 numerum
1123 854 1423 895 summamque
1455 838 1656 895 profundi
1733 839 1817 891 485

326 925 418 953 esse
449 909 663 951 infinitam
695 909 831 959 docui,
863 914 1113 965 quantaque
1145 908 1340 950 volarent

326 993 498 1035 corpora
529 977 770 1020 mobilitate
803 977 972 1019 ostendi
1003 992 1219 1033 quamque
1251 983 1430 1033 repente

326 1047 647 1090 inmemorabile
675 1063 754 1103 per
785 1047 975 1103 spatium
1008 1048 1189 1089 transire
1221 1047 1420 1089 solerent.

328 1117 434 1158 haut
465 1117 600 1173 igitur
630 1117 832 1158 mirumst
862 1116 898 1157 si
930 1131 1059 1171 parvo
1091 1122 1284 1171 tempore
1315 1130 1444 1171 saepe

328 1186 536 1228 montibu’
569 1192 657 1227 tam
690 1185 859 1241 magnis
891 1191 1127 1241 tempestas
1158 1192 1289 1241 atque
1322 1184 1526 1226 tenebrae
1736 1195 1824 1236 490

327 1254 551 1310 coperiunt
582 1254 717 1295 maria
747 1268 794 1295 ac
826 1259 963 1296 terras
994 1254 1173 1309 inpensa
1204 1268 1400 1309 superne,

327 1323 516 1380 undique
547 1322 895 1379 quandoquidem
927 1338 1003 1379 per
1033 1324 1178 1365 caulas
1209 1323 1398 1365 aetheris
1430 1322 1568 1364 omnis

327 1398 372 1435 et
402 1392 523 1448 quasi
555 1407 630 1447 per
661 1392 808 1449 magni
839 1392 998 1434 circum
1031 1392 1243 1448 spiracula
1274 1391 1426 1433 mundi

328 1460 469 1503 exitus
501 1460 790 1516 introitusque
822 1460 1048 1502 elementis
1078 1460 1275 1502 redditus
1306 1465 1439 1502 extat.

385 1529 429 1572 N
433 1545 515 1572 unc
545 1544 637 1586 age,
667 1544 752 1585 quo
782 1535 908 1585 pacto
939 1529 1111 1585 pluvius
1143 1534 1385 1571 concrescat
1414 1529 1460 1570 in
1490 1528 1591 1571 altis
1736 1539 1819 1582 495

327 1599 516 1641 nubibus
547 1613 669 1640 umor
700 1603 745 1640 et
775 1598 820 1639 in
852 1604 985 1639 terras
1017 1598 1227 1640 demissus
1258 1604 1308 1640 ut
1338 1598 1476 1640 imber

329 1667 511 1716 decidat,
542 1666 779 1722 expediam.
823 1667 1010 1722 primum
1043 1667 1128 1708 iam
1161 1667 1326 1708 semina
1356 1667 1484 1723 aquai

327 1735 466 1777 multa
496 1735 624 1777 simul
655 1736 824 1777 vincam
856 1750 1110 1792 consurgere
1142 1735 1331 1777 nubibus
1361 1735 1466 1792 ipsis

329 1804 526 1847 omnibus
557 1819 608 1846 ex
640 1804 769 1846 rebus
800 1804 1047 1860 pariterque
1079 1804 1142 1846 ita
1172 1819 1358 1846 crescere
1389 1811 1623 1860 utrumque

329 1880 374 1917 et
404 1873 530 1916 nubis
561 1880 606 1916 et
636 1889 792 1929 aquam
825 1888 1122 1930 quaecumque
1154 1874 1200 1915 in
1230 1874 1420 1916 nubibus
1451 1880 1585 1924 extat,
1741 1884 1824 1927 500

328 1950 379 1985 ut
409 1943 571 1999 pariter
600 1943 724 1985 nobis
755 1957 909 1999 corpus
940 1957 1038 1984 cum
1070 1942 1280 1998 sanguine
1312 1943 1476 1993 crescit,

328 2012 455 2055 sudor
484 2013 591 2054 item
622 2019 755 2068 atque
787 2026 910 2053 umor
941 2012 1202 2067 quicumque
1234 2017 1300 2054 est
1331 2012 1518 2068 denique
1549 2011 1766 2055 membris.

329 2081 578 2138 concipiunt
609 2083 738 2123 etiam
773 2082 962 2123 multum
994 2097 1165 2138 quoque
1196 2097 1324 2138 saepe
1355 2083 1571 2124 marinum

329 2166 533 2201 umorem,
565 2151 701 2193 veluti
732 2151 970 2207 pendentia
999 2151 1159 2193 vellera
1189 2152 1323 2202 lanae,

329 2235 426 2262 cum
455 2234 610 2276 supera
640 2234 847 2276 magnum
878 2234 995 2262 mare
1027 2220 1147 2262 venti
1177 2221 1328 2263 nubila
1356 2226 1542 2277 portant.
1735 2230 1814 2274 505

213 2356 376 2395 sanquine
398 2355 440 2386 ab
464 2356 650 2387 humoribus
674 2355 815 2388 omnis’:
847 2355 960 2387 which
982 2355 1026 2386 he
1050 2355 1159 2386 found
1182 2355 1220 2386 in
1243 2355 1327 2388 Ven.
1463 2355 1527 2386 483
1550 2354 1613 2386 huc
1635 2353 1713 2385 Vat.
1738 2353 1823 2387 3276

216 2410 340 2441 Avanc.
361 2409 414 2441 for
430 2411 526 2441 hunc.
573 2411 651 2442 hinc
668 2409 759 2441 Flor.
777 2410 818 2441 31
836 2410 955 2441 Camb.
974 2411 994 2441 2
1009 2409 1085 2442 Vat.
1105 2410 1196 2442 Mon.
1247 2410 1333 2441 hunc
1349 2414 1474 2440 coetum
1487 2408 1572 2439 Mar.
1587 2407 1685 2440 Junt.
1700 2400 1822 2439 Lamb'.

217 2463 305 2503 vulg.
354 2465 417 2495 illa
432 2463 522 2496 Flor.
542 2465 582 2495 31
608 2463 726 2495 Camb.
744 2463 822 2495 Vat.
842 2464 904 2495 640
927 2463 1050 2496 Urbin.
1068 2463 1154 2496 Mar.
1175 2464 1228 2495 for
1249 2464 1304 2494 illi
1326 2463 1366 2500 A,
1382 2464 1442 2494 ille
1462 2462 1504 2494 B.
1679 2462 1744 2493 488
1762 2471 1826 2502 per

218 2516 326 2549 added
348 2517 392 2557 by
415 2517 512 2549 Pont.
539 2517 626 2549 Mar.
643 2517 740 2549 Junt.
916 2518 981 2551 490
1001 2518 1167 2549 Montibu'
1185 2523 1253 2549 tam
1273 2518 1402 2557 magmis
1424 2517 1488 2549 Ed.
1511 2516 1565 2549 for
1589 2518 1672 2548 Tam
1694 2517 1826 2556 maynis

218 2573 355 2603 montis:
383 2573 463 2602 Tam
485 2573 613 2611 magnis
636 2573 770 2603 montib.
794 2581 864 2604 was
886 2572 945 2603 the
967 2571 1043 2603 first
1066 2571 1286 2612 corruption:
1311 2581 1365 2603 see
1392 2572 1454 2604 189
1475 2570 1545 2602 and
1569 2580 1604 2602 1v
1621 2570 1695 2602 140.
1742 2571 1826 2602 Tam

218 2628 345 2665 maynis
362 2627 480 2657 nimbis
496 2625 601 2658 Lach.
643 2627 725 2657 Tam
741 2637 880 2667 maynae
895 2628 990 2658 molis
1006 2626 1109 2658 Bem.
1150 2628 1233 2658 Tam
1249 2636 1383 2666 magnos
1399 2626 1518 2657 montis
1534 2624 1637 2656 Pont.
1649 2624 1737 2657 Mar.
1747 2623 1824 2656 Ald.

219 2679 237 2709 1
255 2679 275 2709 J
278 2681 351 2710 unt.
368 2679 458 2720 vulg.
592 2680 655 2712 491
674 2681 855 2721 Coperiunt
870 2679 977 2712 Lach.
994 2680 1123 2721 rightly
1139 2680 1192 2711 for
1210 2681 1400 2720 Caper-iant.
1447 2678 1478 2720 [I
1494 2688 1570 2710 now
1585 2677 1688 2710 think
1702 2677 1732 2710 it
1746 2687 1825 2718 pro-

218 2731 316 2763 bable
331 2732 409 2764 that
425 2732 525 2765 Lucr.
542 2738 646 2764 wrote
662 2735 834 2773 coperiant
849 2743 887 2765 as
903 2734 1003 2774 given
1017 2734 1061 2775 by
1077 2734 1135 2766 the
1150 2743 1241 2764 mss:
1266 2742 1424 2773 compare
1441 2732 1511 2764 Cic.
1527 2733 1667 2765 Laelius
1683 2733 1725 2766 29
1741 2733 1826 2774 quid

219 2788 337 2817 mirum
359 2792 406 2818 est
427 2789 458 2818 si
481 2789 588 2819 animi
612 2788 780 2818 hominum
802 2791 1019 2819 moveantur?
1043 2797 1100 2819 see
1124 2787 1268 2819 Mueller
1290 2796 1346 2827 ap.
1363 2787 1508 2827 Seyffert
1525 2796 1560 2827 p.
1576 2786 1657 2818 206:
1682 2796 1720 2818 so
1743 2787 1824 2819 here

216 2838 318 2870 Lucr.
339 2849 446 2871 seems
461 2841 498 2871 to
512 2840 635 2871 realise
650 2850 671 2872 a
687 2840 815 2880 special
830 2850 905 2872 case
920 2841 1036 2872 before
1051 2841 1107 2872 his
1125 2842 1230 2882 eyes]
1383 2841 1448 2872 492
1471 2841 1587 2872 caulas
1605 2839 1692 2872 Mar.
1707 2839 1784 2873 Ald.
1804 2840 1824 2871 1

221 2893 317 2924 Junt.
335 2894 387 2924 for
402 2896 527 2926 cavias.
660 2895 724 2928 496
740 2896 898 2927 demissus
914 2895 1005 2927 Flor.
1024 2896 1065 2927 31
1082 2896 1176 2927 Mon.
1193 2895 1315 2927 Lamb.
1331 2895 1385 2927 for
1400 2895 1566 2928 dimissus.

264 2949 327 2980 498
349 2950 481 2980 vincam
502 2948 594 2981 Flor.
618 2949 659 2980 31
683 2948 802 2980 Camb.
827 2949 922 2979 Mon.
947 2948 1023 2983 Ver.
1051 2948 1137 2983 Ven.
1165 2949 1220 2981 for
1241 2950 1383 2981 vineam.
1529 2949 1593 2982 503
1619 2949 1824 2990 concipiunt
