1997 3267
959 194 1031 235 III
1717 206 1794 247 157

303 318 326 345 e
359 302 514 358 quibus
545 302 589 344 id
621 302 699 344 fiat
729 302 867 343 causis
899 316 1068 357 quoque
1100 315 1271 342 noscere
1303 307 1348 343 et
1379 302 1492 343 unde
1690 314 1791 356 1055

303 377 428 413 tanta
458 371 560 412 mali
592 378 812 426 tamquam
846 370 978 411 moles
1010 370 1053 410 iu
1085 375 1256 425 pectore
1288 375 1465 418 constet,

303 441 411 483 haut
442 441 505 482 ita
535 441 669 482 vitam
701 447 893 497 agerent,
924 446 974 481 ut
1006 454 1122 480 nunc
1152 439 1406 495 plerumque
1438 439 1633 480 videmus

304 511 406 566 quid
440 511 521 551 sibi
552 510 732 566 quisque
764 509 870 551 velit
900 509 1063 550 nescire
1095 514 1139 549 et
1171 523 1373 564 quaerere
1405 523 1572 563 semper

303 583 568 617 commutare
600 571 737 617 locuni
770 575 892 631 quasi
922 590 1030 616 onus
1061 574 1272 629 deponere
1305 574 1447 629 possit.

305 646 395 687 exit
427 660 553 700 saepe
586 647 696 685 foras
727 644 896 700 magnis
927 658 977 685 ex
1011 643 1191 684 aedibus
1223 642 1305 692 ille,
1692 643 1797 682 1060

305 729 396 755 esse
427 714 542 755 domi
574 728 702 769 quem
735 717 1035 768 pertaesumst,
1067 711 1297 766 subitoque
1330 711 1508 760 revertit,

305 783 463 839 quippe
496 783 595 824 foris
626 782 713 823 nilo
745 782 899 823 melius
930 781 1005 836 qui
1037 780 1197 821 ¹sentiat
1229 795 1330 821 esse.

304 853 439 894 currit
470 867 601 908 agens
632 866 809 892 mannos
840 850 893 892 ad
926 850 1072 891 villam
1104 849 1449 905 praecipitanter,

304 921 513 962 auxilium
547 920 674 962 tectis
706 919 828 975 quasi
861 920 969 960 ferre
1002 918 1253 960 ardentibus
1284 918 1474 967 instans;

304 990 458 1031 oscitat
489 989 716 1045 extemplo,
749 988 898 1044 tetigit
929 1003 1027 1029 011111
1061 987 1210 1028 limina
1243 987 1380 1035 villae,
1692 988 1793 1038 1065

305 1064 382 1100 aut
412 1058 504 1100 abit
536 1059 579 1099 in
611 1073 808 1100 somnum
839 1058 981 1114 gravis
1012 1063 1143 1112 atque
1175 1056 1333 1097 oblivia
1365 1056 1544 1111 quaerit,

304 1133 382 1170 aut
413 1128 545 1170 etiam
576 1143 807 1184 properans
838 1128 990 1168 urbem
1022 1126 1134 1182 petit
1165 1132 1295 1181 atque
1328 1126 1487 1167 revisit.

306 1198 384 1239 1100
415 1212 459 1239 se
491 1197 671 1252 quisque
704 1196 828 1237 modo
861 1196 974 1252 fugit
1005 1197 1070 1250 (at
1101 1210 1230 1250 quem
1262 1194 1437 1243 scilicet,
1470 1200 1519 1235 ut
1552 1195 1611 1244 fit,

305 1267 495 1323 effugere
527 1266 634 1307 haut
665 1265 778 1321 potis
809 1271 886 1315 est,
917 1265 1099 1321 ingratis
1132 1264 1299 1317 haeret)
1331 1270 1375 1305 et
1407 1264 1497 1305 odit

304 1341 541 1392 propterea,
572 1335 709 1376 morbi
741 1334 842 1389 quia
873 1349 1045 1375 causam
1078 1348 1163 1374 non
1195 1339 1317 1374 tenet
1348 1348 1498 1389 aeger3
1694 1346 1800 1386 1070

305 1419 435 1460 quam
467 1403 575 1445 bene
606 1403 642 1445 si
676 1403 833 1451 videat,
864 1403 950 1443 iam
983 1402 1110 1443 rebus
1141 1402 1323 1457 quisque
1355 1402 1516 1443 relictis

305 1480 505 1515 naturam
537 1473 724 1529 primum
757 1472 931 1514 studeat
962 1486 1213 1528 cognoscere
1245 1486 1399 1520 reruni,

305 1543 510 1599 temporis
541 1542 707 1584 aeterni
738 1541 955 1597 quoniam,
987 1556 1072 1582 non
1103 1541 1232 1582 unius
1264 1541 1404 1589 horae,

304 1613 542 1670 ambigitur
572 1619 724 1662 status,
755 1613 801 1654 in
832 1627 916 1667 quo
947 1611 1004 1652 sit
1036 1610 1291 1652 mortalibus
1323 1610 1462 1651 omnis

305 1688 436 1731 aetas,
466 1687 564 1737 post
596 1687 777 1723 mortem
809 1695 918 1736 quae
950 1685 1085 1721 restat
1117 1693 1301 1733 cumque
1334 1679 1555 1720 manenda.
1695 1692 1795 1732 1075

364 1751 564 1807 Denique
595 1756 718 1792 tanto
749 1765 874 1806 opere
906 1751 951 1790 in
983 1749 1126 1790 dubiis
1156 1749 1370 1803 trepidare
1401 1748 1571 1804 periclis

306 1835 416 1877 quae
448 1821 561 1861 mala
591 1835 666 1861 nos
697 1819 861 1876 subigit
892 1819 999 1860 vitai
1031 1823 1156 1859 tanta
1186 1818 1372 1873 cupido?

306 1894 423 1931 certa
454 1889 628 1944 quidem
660 1888 758 1929 finis
789 1888 904 1929 vitae
936 1887 1191 1928 mortalibus
1223 1887 1368 1928 adstat

306 1974 385 2001 nec
416 1958 599 2000 devitari
631 1958 768 2000 letum
801 1963 901 2013 pote
933 1957 1037 2012 quin
1069 1957 1283 1998 obeamus.

306 2034 529 2084 praeterea
559 2043 778 2069 versamur
808 2027 970 2068 ibidem
1001 2032 1132 2082 atque
1163 2026 1360 2067 insumus
1391 2040 1527 2081 usque
1691 2027 1800 2067 1080

306 2113 385 2140 nec
415 2112 524 2139 nova
555 2097 738 2138 vivendo
768 2096 1020 2152 procuditur
1050 2096 1139 2137 ulla
1171 2096 1396 2151 voluptas;

191 2191 324 2221 incerto.
502 2188 584 2219 1061
609 2189 746 2219 revertit
762 2187 870 2219 added
886 2187 930 2227 by
945 2187 1095 2218 Politian
1112 2186 1148 2218 in
1164 2196 1273 2226 marg.
1290 2186 1382 2217 Flor.
1399 2186 1441 2218 29
1457 2185 1533 2218 Ald.
1557 2186 1573 2216 1
1590 2185 1611 2216 J
1614 2187 1687 2218 unt.
1708 2186 1797 2226 vulg.

191 2248 342 2275 reventat
358 2242 450 2275 Flor.
470 2244 512 2276 29
527 2242 620 2274 Flor.
638 2243 678 2273 31
697 2242 814 2274 Camb.
837 2242 924 2273 Mar.
969 2246 1135 2273 revertens
1151 2241 1252 2272 Pont.
1297 2241 1416 2272 revisit
1431 2240 1534 2279 Pron,
1555 2239 1709 2272 deform.
1730 2242 1802 2272 ant.

191 2297 292 2328 Lucr.
308 2306 341 2337 p.
359 2296 500 2329 44—48.
613 2297 697 2327 1063
709 2297 979 2337 praecipitanter
996 2295 1087 2327 Nicc.
1109 2295 1161 2326 for
1172 2296 1390 2335 praecipiter.
1438 2294 1476 2326 ‘f.
1493 2295 1800 2334 praecipita-que...

191 2353 314 2384 instat’
340 2352 463 2384 Heins.
488 2351 525 2383 in
550 2361 614 2383 ms.
641 2353 750 2383 notes.
929 2351 1014 2382 1068
1041 2350 1141 2383 1069:
1172 2350 1216 2390 by
1241 2360 1261 2381 a
1286 2350 1395 2381 better
1419 2348 1650 2389 punctuation
1676 2349 1693 2379 I
1716 2348 1804 2380 have

193 2407 211 2437 I
234 2405 338 2438 think
361 2406 461 2438 made
486 2406 556 2437 this
580 2406 740 2447 disputed
758 2416 901 2447 passage
924 2405 1018 2446 quite
1039 2405 1149 2437 clear:
1176 2404 1260 2437 1069
1284 2405 1430 2444 ἱηῃναιίε
1453 2403 1575 2435 Lamb.
1601 2403 1730 2444 rightly
1752 2403 1804 2435 for

193 2461 385 2500 ingratius:
407 2460 554 2500 nothing
569 2460 637 2491 else
652 2459 682 2490 is
698 2462 735 2491 to
751 2460 792 2491 be
807 2459 981 2498 changed3
1005 2459 1066 2490 but
1082 2464 1119 2490 at
1135 2459 1388 2499 quem...haeret
1410 2467 1467 2489 are
1483 2459 1519 2488 to
1534 2457 1575 2489 be
1592 2457 1752 2489 enclosed
1766 2458 1803 2488 in

194 2514 360 2546 brackets.
537 2514 622 2545 1068
646 2514 698 2544 for
719 2524 814 2554 quem
828 2513 934 2546 Lach.
962 2523 1076 2554 quom:
1100 2512 1157 2544 his
1181 2514 1262 2544 note
1286 2511 1316 2543 is
1340 2513 1431 2543 most
1453 2511 1720 2552 unsatisfactory
1735 2512 1804 2543 and

193 2571 228 2601 to
255 2579 311 2601 me
338 2569 463 2601 almost
490 2568 759 2608 unintelligible3
791 2569 974 2609 especially
997 2569 1055 2600 the
1078 2568 1189 2600 words
1221 2572 1318 2600 ‘nam
1347 2577 1420 2599 sese
1443 2567 1549 2599 homo
1579 2571 1640 2599 aut
1673 2577 1803 2608 semper

194 2624 340 2665 effugere
364 2625 479 2665 potest
503 2627 563 2656 aut
588 2634 790 2664 numquam,
816 2624 979 2664 quoniam
1006 2624 1070 2655 hoc
1095 2625 1208 2655 totum
1234 2623 1380 2663 figurate
1407 2622 1534 2654 dicitur
1544 2623 1562 2654 '.
1613 2622 1740 2654 Seneca
1763 2622 1803 2654 de

194 2677 371 2717 tranquill.
402 2687 431 2708 11
453 2677 494 2708 14
519 2678 643 2718 clearly
665 2678 747 2710 read
773 2689 889 2718 quem:
913 2678 957 2709 he
982 2677 1136 2718 explains
1162 2677 1263 2708 Luer.
1295 2676 1390 2716 quite
1417 2675 1591 2716 correctly.
1633 2677 1729 2716 fagyit
1755 2680 1802 2706 at.

197 2732 322 2770 fugitat
339 2730 476 2771 Madvig
495 2732 584 2772 poet.
606 2732 684 2763 Lat.
707 2741 810 2763 carm.
829 2732 888 2763 sel.
912 2732 1018 2763 1843:
1043 2731 1104 2762 but
1127 2730 1267 2770 Seneca,
1287 2740 1325 2761 as
1341 2729 1416 2761 well
1433 2739 1472 2761 as
1488 2739 1551 2761 our
1567 2739 1663 2766 mss„
1680 2728 1803 2769 clearly

195 2785 277 2817 read
294 2787 390 2826 fagit
415 2791 460 2819 at.
599 2787 682 2819 1069
709 2788 823 2818 haeret
847 2792 879 2818 et
905 2788 1000 2826 anyit
1023 2786 1111 2817 Mar.
1133 2785 1232 2816 Junt.
1259 2784 1379 2817 Lamb.
1410 2784 1500 2824 vulg.
1546 2783 1614 2815 For
1635 2785 1804 2823 ingratius

194 2840 279 2872 Ven.
303 2841 404 2872 alone
423 2840 489 2872 has
511 2841 634 2879 initus3
660 2840 830 2872 therefore
849 2841 976 2872 Avanc.
994 2839 1069 2871 who
1091 2838 1240 2870 founded
1255 2838 1311 2871 his
1327 2837 1477 2869 revision
1493 2848 1539 2869 on
1554 2837 1582 2869 it
1597 2837 1661 2868 has
1676 2838 1804 2869 invitus

194 2897 363 2929 adhaeret.
536 2895 621 2929 1073
646 2897 813 2936 Temporis
838 2896 966 2926 aeterni
990 2894 1090 2926 Pont.
1115 2894 1200 2925 Mar.
1224 2893 1302 2925 Ald.
1328 2894 1346 2924 1
1371 2893 1467 2925 Junt.
1493 2893 1569 2924 first
1593 2892 1646 2923 for
1668 2893 1802 2924 Aeterni

194 2952 360 2992 temporis.
493 2950 578 2982 1075
601 2950 765 2981 manenda
781 2949 900 2982 Lamb.
921 2949 974 2980 for
990 2949 1161 2981 mnendo.
1301 2948 1386 2981 1078
1411 2948 1512 2979 Certa
1527 2947 1658 2987 quide-m
1673 2947 1788 2978 Avanc
