1997 3267
903 164 965 205 Vl
1646 178 1725 221 277

238 276 411 320 crescat,
443 269 517 311 ubi
550 270 594 311 in
627 285 798 325 campos
829 271 948 312 albas
980 270 1236 313 descendere
1268 272 1451 328 ningues

238 338 421 381 tabificis
452 338 618 396 subigit
649 339 778 381 radiis
809 339 870 380 sol
902 341 1046 381 onmia
1077 339 1274 382 lustrans.

296 407 425 450 Nunc
455 422 547 464 age,
578 408 751 450 Averna
781 408 862 449 tibi
895 423 1005 463 quae
1037 409 1127 450 sint
1159 408 1249 450 loca
1279 424 1462 466 cumque
1494 412 1694 468 lacusque

238 477 475 533 expediam,
506 477 624 533 quali
655 484 811 519 natura
842 477 1040 533 praedita
1070 484 1277 520 constent.

237 545 446 602 principio
477 545 591 601 quod
623 546 795 587 Averna
827 552 1034 587 vocantur
1066 545 1250 597 nomine,
1283 546 1328 588 id
1359 546 1413 588 ab
1443 562 1488 589 re
1644 562 1729 603 740

238 614 527 671 iupositumst,
561 615 662 671 quia
692 620 794 657 sunt
826 614 977 657 avibus
1009 615 1221 657 contraria
1252 616 1430 666 cunctis,

237 698 261 725 e
291 683 463 740 regione
495 699 546 725 ea
576 683 689 740 quod
722 683 812 725 loca
843 698 941 724 cum
974 699 1128 726 venere
1160 684 1364 735 volantes,

238 753 390 809 remigi
422 752 580 795 oblitae
613 768 852 809 pennarum
885 753 978 795 vola
1009 754 1243 795 remittunt

237 822 578 879 praecipitesque
611 823 772 865 cadunt
803 823 921 865 molli
953 824 1116 865 cervice
1149 825 1346 880 profusae

239 892 283 933 in
315 897 484 942 terram,
515 892 551 934 si
583 893 690 934 forte
722 892 786 934 ita
817 893 900 934 fert
931 899 1086 934 natura
1118 893 1316 943 locorum,
1645 907 1724 948 745

238 967 316 1004 aut
346 961 391 1003 in
423 977 592 1018 aquam,
623 962 659 1004 si
692 963 800 1005 forte
832 963 949 1005 lacus
980 963 1224 1005 substratus
1256 964 1465 1007 Avernist.

238 1032 274 1074 is
304 1032 421 1075 locus
452 1039 518 1074 est
548 1033 708 1076 Cumas
738 1039 856 1090 aput,
888 1033 974 1075 acri
1006 1033 1180 1089 sulpure
1215 1040 1382 1076 montes

237 1102 400 1158 oppleti
431 1102 580 1144 calidis
612 1103 687 1145 ubi
719 1103 891 1145 fumant
924 1103 1115 1145 fontibus
1145 1105 1275 1147 aucti.

239 1179 306 1213 est
336 1177 381 1213 et
412 1171 651 1214 Athenaeis
682 1172 726 1213 in
759 1172 996 1221 moenibus,
1027 1172 1134 1214 arcis
1165 1172 1209 1213 in
1243 1173 1332 1229 ipso

240 1240 410 1290 vertice,
444 1241 632 1282 Palladis
663 1241 716 1283 ad
749 1241 962 1297 templum
995 1241 1230 1283 Tritonidis
1261 1242 1412 1292 almae,
1644 1254 1730 1296 750

239 1324 322 1366 quo
353 1325 590 1366 numquam
623 1309 778 1366 pennis
808 1310 1034 1366 appellunt
1066 1325 1240 1366 corpora
1271 1325 1422 1352 raucae

239 1379 439 1430 cornices,
470 1395 553 1422 non
587 1395 684 1422 cum
717 1381 888 1422 fumant
918 1379 1074 1422 altaria
1104 1379 1250 1422 donis:

238 1463 374 1504 usque
405 1447 510 1490 adeo
542 1448 735 1505 fugitant
767 1463 851 1490 non
882 1448 966 1491 iras
998 1448 1185 1490 Palladis
1215 1449 1324 1491 acris

238 1517 440 1574 pervigili
471 1532 610 1568 causa,
642 1517 821 1560 Graium
855 1523 906 1560 ut
937 1517 1126 1560 cecinere
1159 1524 1323 1574 poetae,

238 1586 314 1630 sed
344 1593 501 1629 natura
531 1587 612 1629 loci
643 1602 722 1643 ope
754 1587 912 1629 sufficit
943 1587 1036 1643 ipsa
1065 1593 1230 1643 suapte.
1648 1598 1726 1640 755

238 1656 284 1699 in
315 1655 441 1713 Syria
472 1671 641 1713 quoque
675 1657 810 1699 fertur
840 1657 947 1699 item
979 1657 1096 1699 locus
1126 1671 1218 1699 esse
1250 1656 1398 1706 videri,

240 1724 524 1781 quadripedes
554 1740 724 1781 quoque
756 1740 840 1781 quo
871 1725 1000 1767 simul
1031 1740 1080 1767 ac
1111 1725 1296 1781 vestigia
1325 1725 1514 1781 primum

240 1793 478 1845 intulerint,
508 1795 699 1850 graviter
730 1795 794 1836 vis
825 1800 950 1851 cogat
981 1794 1202 1836 concidere
1235 1795 1337 1850 ipsa,

240 1863 439 1906 manibus
469 1869 520 1905 ut
550 1864 588 1905 si
618 1864 708 1905 sint
738 1863 849 1906 divis
879 1870 1069 1906 mactata
1098 1871 1287 1920 repente.

240 1933 384 1976 omnia
412 1947 524 1989 quae
555 1932 743 1974 naturali
773 1933 939 1975 ratione
969 1938 1192 1991 geruntur,
1646 1936 1731 1987 760

125 2125 230 2158 Lach.
248 2124 395 2166 adopted
409 2124 448 2156 it.
539 2124 602 2158 736
618 2125 811 2157 descendere
826 2124 945 2157 Lamb.
964 2124 1017 2157 for
1033 2125 1198 2157 decedere.
1266 2126 1330 2159 740
1346 2127 1443 2167 quod.
1489 2136 1552 2167 quo
1570 2126 1696 2158 Lach.:
1714 2126 1731 2157 I

125 2190 201 2212 now
217 2179 318 2212 think
334 2178 408 2211 him
417 2188 544 2218 wrong.
568 2180 711 2220 quod...‚
724 2188 840 2211 nomen
849 2180 886 2210 id
903 2178 994 2211 Flor.
1007 2179 1047 2211 31
1064 2179 1150 2212 Mar.
1166 2179 1242 2211 Ald.
1257 2180 1275 2210 1
1291 2180 1390 2212 Junt.
1401 2180 1489 2221 vulg.
1508 2180 1620 2212 before
1633 2180 1732 2212 Wak.

126 2244 240 2266 nomen
254 2235 368 2266 aornis
386 2233 526 2266 Gervas.
545 2232 818 2266 Tilleberiensis:
842 2242 897 2265 see
912 2232 1018 2265 Lach.
1131 2234 1193 2266 743
1209 2234 1357 2274 Remigii
1373 2234 1459 2266 Mar.
1476 2234 1585 2273 Junt„
1601 2236 1733 2275 Remiyz'

125 2289 248 2320 oblitae
265 2286 371 2320 Lach.
388 2288 442 2320 for
457 2288 610 2328 Remiyio
626 2289 761 2320 oblitae.
851 2288 915 2321 746
930 2289 1116 2320 substratus
1131 2287 1224 2320 Brix,
1245 2288 1372 2321 Avanc.
1387 2289 1547 2330 Nauger„
1565 2291 1734 2322 subiratus

128 2342 336 2386 (substratus)
348 2341 424 2374 Ver.
438 2341 523 2374 Ven.
536 2342 590 2374 for
604 2343 783 2374 subiratus.
814 2344 972 2375 Avernist
983 2342 1060 2382 Ed„
1070 2344 1238 2375 Averno'st
1250 2343 1386 2381 Lamb.,
1400 2343 1452 2375 for
1461 2346 1597 2376 Averni.
1628 2344 1733 2377 Lach.

126 2396 253 2429 inserts
269 2401 317 2429 est
331 2395 445 2428 before
460 2398 491 2428 si
500 2398 608 2438 forte3
632 2396 695 2428 but
709 2396 769 2428 the
784 2406 928 2438 passage
942 2396 986 2429 he
1002 2399 1125 2437 quotes
1140 2396 1179 2428 in
1196 2400 1339 2438 support
1352 2397 1380 2430 is
1396 2400 1458 2430 not
1473 2407 1569 2431 more
1583 2398 1620 2431 in
1636 2398 1735 2439 point

126 2452 213 2484 than
232 2450 292 2483 the
309 2460 375 2484 one
396 2450 440 2483 he
459 2451 546 2483 cites
566 2450 604 2483 in
625 2451 746 2483 favour
766 2451 805 2483 of
826 2456 885 2483 αιιε
905 2462 962 2483 sex
982 2451 1020 2483 in
1042 2461 1077 2482 1v
1093 2452 1155 2484 303
1175 2452 1276 2494 (327),
1296 2451 1355 2484 the
1375 2455 1483 2484 metre
1505 2452 1601 2485 there
1621 2453 1735 2494 ruling

126 2507 186 2539 the
200 2506 298 2539 order
313 2507 351 2539 of
363 2506 422 2539 the
438 2506 560 2539 words,
670 2507 733 2540 747
748 2508 784 2538 Is
800 2507 839 2539 B.
889 2507 956 2538 His
972 2507 1002 2538 A
1016 2506 1046 2538 N
1050 2506 1108 2540 icc.
1157 2509 1230 2539 acri
1246 2508 1379 2548 sulpure
1396 2506 1542 2540 Salmas.
1558 2508 1681 2552 Heins.
1697 2508 1735 2540 in

126 2571 189 2594 ms.
209 2564 318 2601 notes,
336 2561 383 2594 Is.
395 2561 494 2594 Voss.
506 2561 544 2592 in
559 2570 625 2593 ms.
638 2563 747 2601 notes,
764 2561 877 2594 Bentl.
895 2561 949 2593 for
963 2563 1029 2594 εον-ι’
1044 2563 1173 2603 suiper:
1198 2561 1257 2593 the
1272 2561 1431 2603 readings
1447 2563 1486 2594 of
1499 2563 1592 2595 older
1607 2563 1734 2595 editors

126 2627 184 2650 are
204 2618 262 2649 too
277 2615 404 2648 absurd
419 2617 456 2648 to
470 2615 638 2647 mention.
684 2621 806 2647 montes
822 2615 863 2655 B,
881 2617 1001 2647 montis
1016 2615 1046 2647 A
1061 2615 1154 2648 Nicc.
1171 2615 1284 2648 which
1299 2615 1330 2647 is
1344 2616 1511 2657 probably
1525 2617 1616 2649 what
1631 2617 1732 2650 Lucr.

126 2672 239 2704 wrote.
287 2670 355 2702 For
373 2671 636 2703 montes...aucti
656 2669 777 2703 Heins.
797 2673 952 2711 suggests
973 2671 1228 2711 olentes...a9ri.
1362 2672 1424 2704 749
1446 2673 1510 2703 Est
1526 2676 1568 2704 et.
1612 2674 1677 2704 Est
1697 2678 1736 2705 ut

125 2725 231 2758 Lach.
247 2724 435 2757 intolerant
451 2724 489 2757 of
505 2730 536 2756 et
552 2725 605 2756 for
620 2726 732 2758 etiam.
869 2726 931 2758 755
947 2735 1004 2766 ope
1018 2727 1140 2766 suffieit
1154 2725 1220 2757 Ed.
1237 2725 1290 2757 for
1306 2736 1385 2766 opus
1402 2727 1514 2766 efficit:
1540 2736 1560 2758 a
1575 2728 1733 2768 transpo-

126 2782 233 2814 sition
255 2782 292 2813 of
313 2781 395 2821 only
409 2783 475 2813 two
495 2780 632 2812 letters:
656 2789 768 2821 comp.
785 2790 828 2812 111
849 2781 924 2814 374.
969 2781 1006 2812 vi
1026 2782 1101 2812 ibus
1121 2782 1225 2822 officit
1242 2780 1366 2814 Lach.:
1391 2791 1412 2813 a
1426 2780 1536 2813 harsh
1551 2782 1620 2813 and
1635 2782 1732 2814 inad-

125 2835 279 2868 missible
298 2834 436 2867 elision:
461 2843 516 2866 see
535 2834 575 2866 L.
596 2833 740 2866 Mueller
761 2834 803 2867 de
825 2844 862 2866 re
884 2836 984 2867 metr.
1008 2844 1042 2875 p.
1065 2834 1140 2867 284.
1185 2836 1251 2867 loci
1273 2835 1333 2867 hoc
1355 2845 1437 2876 opas
1459 2836 1588 2868 Avanc.
1610 2836 1732 2869 Lamb.

125 2895 251 2932 suapte.
299 2899 361 2921 sua
377 2891 413 2922 vi
428 2888 549 2921 Lamb.
712 2890 776 2922 759
791 2890 822 2920 si
835 2891 904 2921 sint
919 2890 1009 2921 divis
1024 2893 1182 2921 mactata.
1228 2890 1258 2921 si
1264 2890 1313 2930 fit
1328 2890 1417 2922 divis
1433 2891 1594 2922 mactatu’
1608 2890 1732 2924 Lach.:

124 2953 170 2976 an
200 2942 366 2976 awkward
394 2942 464 2975 and
493 2942 719 2974 uncalled-for
747 2942 895 2983 change:
928 2953 982 2975 see
1005 2953 1040 2975 1v
1063 2944 1138 2977 934.
1176 2945 1220 2984 fit
1248 2953 1359 2976 seems
1390 2943 1513 2985 hardly
1535 2944 1650 2984 Latin,
1674 2945 1735 2978 the
