1997 3267
946 178 1011 221 VI
1691 187 1770 237 265

273 285 386 341 quod
418 285 452 326 si
485 285 686 341 Iuppiter
715 291 847 341 atque
878 285 952 326 alii
986 285 1199 341 fulgentia
1229 286 1320 328 divi

274 354 458 396 terrifico
489 354 693 410 quatiunt
724 353 868 395 sonitu
901 354 1104 395 caelestia
1135 355 1300 410 templa

273 429 318 464 et
349 423 513 465 iaciunt
544 423 688 479 ignem
721 438 806 479 quo
837 424 1061 478 quoiquest
1093 438 1278 479 cumque
1311 425 1521 480 voluptas,

272 507 348 533 cur
378 492 535 548 quibus
566 492 789 533 incautum
821 491 960 533 scelus
991 492 1228 534 aversabile
1260 502 1488 549 cumquest
1689 509 1773 550 390

273 577 357 603 11011
390 562 552 604 faciunt
585 562 659 603 icti
692 561 887 603 flammas
919 567 970 603 ut
1003 562 1185 617 fulguris
1218 562 1366 604 halent

272 637 443 686 pectore
476 632 648 686 perfixo,
679 630 890 672 documen
924 631 1179 672 mortalibus
1211 646 1319 682 acre,

270 705 316 741 et
347 700 491 756 potius
523 701 642 741 nulla
673 700 755 742 sibi
788 699 906 755 turpi
938 700 1130 741 conscius
1163 700 1205 741 in
1239 715 1282 742 rc

271 770 459 811 volvitur
490 770 532 811 111
566 770 751 811 flammis
783 770 983 811 innoxius
1015 770 1144 826 inque
1177 771 1352 826 peditur
1742 826 1745 829 Δ

271 839 445 881 turbine
477 839 652 880 caelesti
683 838 829 880 subito
861 845 1082 894 correptus
1114 846 1158 880 et
1190 839 1316 895 igni?
1687 853 1764 896 395

270 923 345 950 cur
375 909 506 950 etiam
541 909 631 950 loca
661 909 749 950 sola
780 914 937 964 potunt
971 911 1212 965 frustraque
1245 909 1475 952 laborant?

268 993 324 1019 an
357 985 450 1019 tum
483 978 681 1019 bracchia
711 985 996 1019 consuescunt
1028 978 1286 1034 firmantque
1318 979 1526 1021 lacertos?

268 1047 314 1090 in
346 1054 545 1103 terraque
577 1048 712 1104 patris
743 1062 818 1089 cur
851 1047 985 1088 telum
1019 1048 1326 1103 perpetiuntur

268 1117 483 1172 optundi?
523 1131 599 1158 cur
631 1117 719 1172 ipso
752 1116 857 1158 sinit
890 1131 1027 1172 nequo
1060 1117 1197 1172 parcit
1229 1117 1273 1158 in
1306 1117 1474 1160 hostis?

268 1186 453 1242 deliique
485 1201 560 1227 0111
590 1201 827 1241 numquam
860 1186 976 1226 caelo
1008 1185 1109 1227 iacit
1143 1186 1332 1242 undiquc
1366 1202 1471 1242 puro
1679 1200 1766 1241 400

269 1255 469 1312 Iuppiter
498 1256 544 1296 in
576 1260 707 1297 terras
740 1255 904 1296 fulmen
935 1254 1187 1310 sonitusque
1220 1255 1478 1311 profundit?

265 1339 322 1366 an
353 1324 482 1366 simul
512 1339 561 1365 ac
592 1324 730 1365 nubes
760 1338 1012 1372 successere,
1044 1323 1135 1379 ipse
1167 1323 1212 1365 in
1244 1338 1316 1365 eas
1349 1331 1442 1365 tum

267 1393 500 1442 descendit,
533 1407 663 1449 prope
695 1399 746 1435 ut
778 1393 877 1434 hinc
910 1393 986 1434 teli
1019 1392 1280 1435 determinet
1312 1393 1458 1435 ictus?

267 1462 311 1504 in
343 1478 459 1505 mare
490 1478 577 1519 qua
607 1477 730 1518 porro
762 1462 903 1504 mittit
934 1462 1132 1504 ratione?
1174 1463 1277 1519 quid
1311 1463 1448 1505 undas

266 1533 412 1589 arguit
442 1539 487 1575 et
519 1533 727 1588 liquidam
759 1533 916 1574 molem
949 1548 1205 1589 camposque
1236 1533 1460 1575 natantis?
1679 1545 1761 1587 405

266 1607 489 1658 praeterea
518 1602 555 1643 si
587 1602 682 1643 vult
713 1616 942 1644 caveamus
974 1602 1166 1644 fulminis
1197 1602 1346 1652 ictum,

265 1686 342 1714 cur
371 1671 547 1714 dubitat
577 1673 713 1714 facere
746 1678 796 1713 ut
826 1672 1039 1728 possimus
1071 1687 1242 1713 cernere
1274 1672 1485 1714 missum?

264 1740 302 1783 si
332 1756 410 1782 nec
441 1741 660 1797 opinantis
691 1751 839 1782 autem
871 1742 960 1783 volt
992 1741 1233 1797 opprimere
1263 1741 1367 1798 igni,

265 1824 341 1851 cur
371 1816 493 1851 tonat
525 1825 576 1852 ex
608 1810 683 1851 illa
712 1818 846 1866 parte,
879 1817 929 1851 ut
960 1810 1097 1852 vitare
1129 1825 1349 1866 queamus,

265 1893 342 1920 cur
373 1880 572 1921 tenebras
602 1886 704 1922 ante
737 1886 781 1922 et
813 1880 1010 1922 fremitus
1041 1885 1086 1922 et
1118 1895 1339 1922 murmura
1369 1880 1542 1922 concit?
1677 1891 1766 1933 410

266 1952 312 1989 et
342 1947 469 1989 simul
502 1948 547 1989 in
578 1949 739 1990 multas
770 1948 906 2003 partis
936 1948 1011 2003 qui
1042 1948 1213 1990 credere
1244 1949 1378 2004 possis

266 2015 476 2058 mittere?
515 2031 571 2057 an
602 2016 681 2058 hoc
711 2017 827 2058 ausis
857 2031 1095 2072 numquam
1127 2017 1385 2059 contendere
1416 2017 1589 2067 factum,

265 2092 317 2126 ut
347 2084 500 2127 fierent
532 2085 645 2127 ictus
675 2100 762 2127 uno
793 2085 874 2127 sub
906 2091 1099 2142 tempore
1131 2086 1310 2141 plures?

266 2159 313 2195 at
343 2159 512 2209 saepest
542 2169 722 2196 numero
753 2154 917 2196 factum
949 2154 1126 2211 fierique
1157 2160 1383 2205 necessest,

266 2230 316 2264 ut
345 2223 494 2279 pluere
524 2223 570 2264 in
601 2223 751 2265 multis
782 2223 1028 2280 regionibus
1060 2230 1104 2266 et
1135 2224 1286 2267 cadere
1317 2224 1478 2274 imbris,
1673 2234 1756 2278 415

266 2292 449 2334 fulmina
479 2292 539 2334 sic
570 2308 656 2334 uno
686 2293 780 2335 fieri
811 2293 892 2335 sub
923 2299 1116 2349 tempore
1148 2295 1298 2336 multa.

264 2367 480 2417 postremo
511 2377 587 2404 cur
616 2369 765 2404 sancta
795 2363 925 2405 deum
957 2364 1136 2406 delubra
1167 2379 1352 2421 suasque

264 2431 445 2474 discutit
477 2432 633 2474 infesto
664 2433 903 2488 praeclaras
935 2434 1116 2476 fulmine
1147 2435 1269 2477 sedes

265 2507 310 2543 et
340 2501 450 2544 bene
482 2502 594 2543 facta
624 2502 755 2544 deum
789 2503 950 2560 frangit
981 2503 1210 2546 simulacra
1239 2504 1414 2560 suisque

264 2569 401 2612 demit
432 2570 694 2626 imaginibus
727 2571 916 2613 violento
947 2572 1119 2614 volnere
1150 2572 1385 2615 honorem?
1674 2583 1761 2624 420

148 2691 185 2714 as
202 2680 239 2713 in
256 2682 309 2713 88.
457 2682 520 2714 389
537 2692 601 2723 quo
618 2683 802 2723 quoiquest.
856 2693 919 2723 quo
936 2684 1055 2724 cuique
1071 2689 1119 2715 est
1135 2683 1228 2716 Flor.
1245 2685 1286 2715 31
1305 2683 1423 2716 Camb.
1441 2683 1528 2715 Mar.
1546 2685 1609 2715 etc.
1626 2683 1680 2715 for
1696 2694 1759 2724 quo

147 2738 292 2777 inquest.
338 2737 492 2776 voluptas
509 2736 607 2768 Junt.
628 2736 704 2768 first
721 2737 797 2776 (not
813 2736 904 2770 Flor.
925 2737 966 2768 31
983 2747 1022 2768 or
1038 2737 1140 2778 Mar.)
1159 2737 1212 2769 for
1226 2739 1394 2769 voluntas.
1525 2738 1588 2769 401
1604 2739 1761 2778 Iuppiter

147 2792 186 2823 in
203 2795 307 2822 terras
325 2790 418 2821 Nico.
436 2791 465 2821 B
481 2800 567 2821 corr.
585 2791 637 2822 for
652 2792 882 2832 Iuppiterras:
907 2791 969 2823 but
985 2792 1068 2823 both
1085 2793 1114 2823 B
1132 2791 1201 2824 and
1217 2793 1311 2826 Nicc.
1333 2793 1418 2833 spel]
1438 2794 1581 2833 Iupiter.
1695 2793 1760 2825 402

148 2847 217 2886 ipse
234 2847 273 2876 in
288 2855 343 2876 eas
361 2849 430 2876 tum
445 2845 566 2877 Lamb.
579 2845 655 2877 first
670 2845 724 2877 for
740 2847 810 2887 ipse
825 2848 864 2877 in
879 2851 1016 2878 aestum.
1056 2848 1148 2887 ipsus
1164 2849 1202 2878 in
1217 2852 1345 2879 aestum
1356 2847 1447 2878 Flor.
1460 2847 1500 2878 31
1515 2845 1632 2878 Camb.
1648 2848 1668 2878 3
1679 2846 1758 2879 Vat.

148 2899 234 2931 Mar.
252 2898 351 2931 Wak.
528 2900 592 2933 406
615 2901 806 2932 Praeterea.
856 2901 1041 2941 Propterea
1057 2900 1086 2932 A
1102 2900 1197 2933 Nicc.
1243 2902 1274 2932 si
1289 2902 1363 2932 vult
1381 2901 1507 2933 Avanc.
1530 2900 1706 2933 Candidus
1722 2903 1758 2933 at

148 2953 215 2986 end
230 2953 266 2986 of
285 2952 384 2985 Junt.
401 2953 548 2994 Nauger.
564 2954 618 2986 for
637 2956 668 2986 si
689 2955 777 2986 vivit
798 2954 840 2992 B,
856 2956 887 2986 si
908 2956 996 2987 iuvit
1018 2955 1057 2993 A,
1073 2956 1185 2987 senuit
1207 2954 1300 2986 Nicc.
1317 2956 1387 2987 sevi
1412 2959 1449 2987 ut
1467 2955 1559 2987 Flor.
1577 2956 1618 2986 31
1638 2955 1758 2988 Camb.
