1997 3267
247 157 324 198 162
1008 150 1072 191 IV

354 257 521 300 scaenai
552 257 750 313 speciem,
779 261 953 312 patrum
984 261 1239 311 coetumque
1270 257 1469 298 decorum

353 326 551 369 inficiunt
580 330 824 381 coguntque
855 339 932 365 suo
964 324 1134 366 fluitare
1166 324 1313 366 colore.
1784 328 1841 369 80

354 400 399 438 et
428 399 589 450 quanto
620 394 779 434 circum
810 407 935 448 mage
966 397 1067 434 sunt
1099 392 1261 433 inclusa
1291 392 1450 433 theatri

352 463 578 513 moenibu',
608 468 698 505 tam
730 462 868 518 magis
900 461 1003 503 haec
1033 461 1152 503 intus
1182 462 1353 516 perfusa
1383 462 1524 517 lepore

353 534 495 575 omnia
525 532 747 574 conrident
777 537 971 587 correpta
1001 531 1095 573 luce
1125 530 1222 573 diei.

353 615 452 656 ergo
484 600 617 641 lintea
646 599 700 640 de
731 614 897 640 summo
928 613 1025 640 cum
1057 613 1227 654 corpore
1258 599 1403 640 fucum

354 670 547 719 mittunt,
579 668 741 725 effigias
772 683 941 724 quoque
973 668 1133 710 debent
1164 668 1338 709 mittere
1368 667 1508 709 tenvis
1781 670 1834 722 85

349 753 417 780 res
447 752 654 793 quaeque,
684 752 737 779 ex
768 751 935 778 summo
966 737 1167 792 quoniam
1198 737 1441 778 iaculantur
1470 742 1663 793 utraque.

351 813 453 849 sunt
484 806 619 861 igitur
648 806 734 846 iam
766 805 996 847 formarum
1028 805 1212 861 vestigia
1242 810 1359 846 certa

352 890 460 931 quae
491 875 615 930 volgo
645 874 829 916 volitant
860 874 1010 930 suptili
1040 874 1237 929 praedita
1266 873 1338 916 filo

350 959 427 986 nec
458 944 711 1000 singillatim
742 950 922 999 possunt
952 949 1115 985 secreta
1147 943 1291 986 videri.

351 1019 571 1069 praeterea
600 1013 738 1055 omnis
769 1013 870 1054 odor
901 1013 1044 1054 fumus
1074 1028 1205 1068 vapor
1234 1018 1364 1068 atque
1395 1013 1504 1054 aliae
1534 1027 1601 1055 res
1779 1026 1839 1068 90

350 1083 589 1124 consimiles
620 1083 716 1124 ideo
746 1083 928 1124 diffusae
959 1097 980 1125 e
1009 1082 1135 1124 rebus
1166 1082 1399 1129 abundant,

351 1167 401 1193 ex
433 1153 520 1193 alto
552 1152 651 1207 quia
681 1151 784 1193 dum
818 1151 998 1192 veniunt
1028 1151 1285 1192 intrinsecus
1315 1156 1445 1200 ortae,

350 1221 605 1262 scinduntur
634 1236 710 1276 per
740 1220 824 1262 iter
854 1221 1026 1270 flexum,
1057 1235 1134 1261 nec
1164 1225 1282 1261 recta
1310 1219 1476 1261 viarum

350 1290 460 1332 ostia
489 1296 591 1332 sunt
622 1305 706 1346 qua
736 1290 999 1332 contendant
1030 1290 1144 1331 exire
1175 1295 1351 1332 coortae.

349 1366 396 1401 at
426 1367 572 1401 contra
601 1360 745 1401 tenuis
775 1359 933 1400 summi
963 1359 1212 1400 membrana
1241 1358 1388 1400 coloris
1780 1369 1834 1413 95

350 1444 448 1470 cum
479 1429 645 1478 iacitur,
678 1429 738 1470 nil
770 1434 835 1470 est
867 1428 980 1484 quod
1012 1444 1106 1470 eam
1138 1429 1374 1483 discerpere
1407 1428 1550 1483 possit,

349 1497 394 1538 in
425 1504 627 1553 promptu
659 1498 862 1553 quoniam
894 1503 960 1538 est
991 1497 1036 1538 in
1067 1497 1205 1552 prima
1235 1497 1373 1538 fronte
1404 1497 1550 1538 locata.

349 1571 562 1621 postremo
593 1566 777 1621 speculis
807 1566 853 1607 in
884 1581 996 1621 aqua
1025 1566 1333 1620 splendoreque
1363 1565 1409 1605 in
1439 1565 1555 1606 omni

350 1650 644 1691 quaecumque
675 1641 884 1691 apparent
915 1635 1037 1676 nobis
1068 1635 1303 1685 simulacra,
1334 1640 1557 1683 necessest,

349 1703 695 1758 quandoquidem
727 1702 858 1744 simili
889 1702 1028 1757 specie
1059 1709 1160 1744 sunt
1191 1702 1386 1758 praedita
1416 1716 1557 1743 rerum
1758 1714 1837 1745 100

349 1770 520 1819 extima,
550 1769 811 1825 imaginibus
843 1769 984 1810 missis
1014 1769 1243 1810 consistere
1273 1783 1426 1810 rerum.

232 1893 335 1924 duras
352 1893 389 1924 in
405 1893 542 1925 various
558 1904 639 1925 mss.
658 1894 726 1925 and
743 1894 812 1927 eds.
950 1895 991 1927 79
1015 1894 1159 1925 Scaenaz·
1175 1892 1294 1923 Lamb.
1309 1892 1381 1923 first
1398 1891 1450 1922 for
1466 1892 1611 1922 Scaenal
1626 1891 1665 1928 A,
1678 1891 1834 1922 Scaenali

234 1947 272 1978 B.
321 1949 511 1979 Scaenalem
535 1948 564 1978 A
587 1958 672 1979 corr.
697 1948 791 1979 Nico.
815 1948 861 1980 all
884 1958 966 1979 mss.
992 1948 1061 1979 and
1084 1948 1152 1979 eds.
1177 1948 1326 1979 between
1349 1947 1422 1978 him
1446 1946 1513 1978 and
1536 1947 1655 1979 Lamb.
1699 1952 1837 1987 patrum

233 2006 421 2042 coetumque
453 2003 603 2033 decorum
634 2002 698 2033 Ed.
724 2003 776 2033 for
801 2008 938 2043 patrum
961 2008 1166 2043 matrumque
1189 2003 1331 2033 deorum.
1374 2007 1511 2042 patrum
1533 2006 1736 2042 matrumque
1759 2003 1833 2034 deo-

234 2066 367 2095 rumque
380 2056 471 2087 Nicc.
484 2055 531 2087 all
547 2056 660 2088 before
677 2057 782 2088 Lach.
818 2058 973 2097 pulcram
987 2059 1180 2097 variumque
1197 2058 1342 2088 decorem
1355 2055 1460 2088 Lach.
1498 2058 1624 2088 claram
1639 2058 1831 2097 variamque

234 2110 381 2140 deorsum
396 2110 495 2143 Bern.
544 2111 613 2142 But
630 2121 738 2151 comp.
756 2112 842 2142 Aen.
858 2121 878 2142 v
896 2112 969 2150 340,
990 2111 1066 2143 Tac.
1087 2121 1169 2143 ann.
1188 2121 1253 2142 xm
1270 2112 1311 2143 54
1329 2111 1397 2142 and
1414 2111 1530 2143 Camb.
1551 2111 1671 2143 Journ.
1691 2111 1729 2142 of
1747 2111 1832 2151 phil.

234 2172 247 2194 1
271 2164 343 2195 373.
390 2164 488 2195 Lucr.
512 2165 605 2196 often
628 2165 691 2196 has
715 2175 776 2205 que
800 2166 837 2196 in
861 2165 919 2197 the
943 2165 1035 2196 third
1058 2166 1172 2206 place:
1197 2175 1307 2205 comp.
1330 2167 1402 2202 104,
1420 2165 1489 2196 and
1512 2175 1564 2196 see
1587 2168 1685 2197 notes
1708 2166 1728 2196 2
1749 2167 1784 2197 to
1805 2175 1835 2197 11

237 2218 330 2249 1050.
373 2225 508 2258 patrum
533 2219 600 2251 and
624 2221 774 2251 decorum
800 2230 891 2251 seem
914 2223 950 2251 to
973 2230 1027 2252 me
1056 2223 1169 2261 pretty
1201 2222 1348 2252 certain:
1383 2220 1437 2251 for
1468 2225 1655 2260 coetumque
1686 2219 1834 2261 perhaps

234 2277 448 2313 ornatumque
473 2283 510 2304 or
534 2273 591 2305 the
614 2273 692 2305 like.
827 2276 866 2306 81
892 2277 1021 2307 inclusa
1046 2277 1170 2306 theatri
1194 2275 1360 2306 Mosnibn’
1384 2274 1448 2306 Ed.
1474 2274 1526 2305 for
1548 2275 1679 2306 inclusa
1704 2274 1756 2316 (Β,
1780 2277 1832 2306 in·

235 2327 383 2357 claustra
400 2326 428 2357 A
450 2326 556 2367 Nice.)
576 2329 699 2359 theatri
722 2330 878 2361 Moenia:
902 2338 923 2360 a
946 2338 1126 2369 necessary
1149 2328 1217 2360 and
1241 2329 1362 2368 simple
1386 2328 1593 2360 correction:
1617 2330 1753 2361 Moenia
1768 2321 1850 2361 has*

234 2378 346 2409 arisen
363 2380 451 2410 from
468 2379 525 2411 the
546 2381 795 2421 neighbouring
819 2383 957 2421 inclusa,
980 2383 1068 2421 haec,
1085 2383 1241 2422 perfusa:
1267 2392 1304 2413 so
1327 2392 1355 2413 11
1380 2382 1443 2413 453
1467 2384 1578 2413 omnia
1601 2382 1654 2414 for
1677 2384 1830 2421 omnibu’,

236 2435 297 2466 919
314 2435 510 2465 animalibu’
524 2435 576 2465 for
588 2438 765 2467 animalia.
805 2439 936 2468 inclusa
950 2438 1074 2468 theatri
1088 2438 1236 2473 Moenia,
1251 2437 1309 2467 the
1322 2437 1409 2477 vulg.
1428 2436 1575 2476 reading,
1590 2436 1655 2468 has
1665 2447 1709 2468 no
1722 2447 1831 2469 sense.

235 2492 376 2526 angusta
401 2488 524 2519 theatri
548 2490 684 2520 Moenia
706 2489 812 2521 Lach.
837 2490 949 2521 which
972 2490 1002 2521 is
1025 2493 1184 2531 contrary
1207 2493 1243 2522 to
1266 2490 1324 2522 the
1347 2490 1456 2522 truth.
1624 2492 1664 2523 91
1689 2493 1831 2532 diffusae

236 2543 329 2572 rebus
344 2541 413 2572 AB.
459 2541 579 2573 Lamb.
597 2542 660 2573 has
676 2543 802 2584 rightly
817 2543 925 2575 added
941 2555 975 2583 e;
999 2544 1068 2576 and
1084 2546 1125 2576 92
1141 2544 1185 2575 he
1201 2544 1264 2576 has
1280 2545 1353 2576 also
1370 2543 1497 2585 rightly
1517 2544 1616 2585 given
1635 2546 1832 2578 intrinsecus

235 2595 287 2626 for
310 2598 529 2627 eoetrz'nsecus:
559 2605 596 2627 so
620 2606 654 2627 VI
679 2598 762 2630 1099
786 2600 984 2630 intrinsecus
1007 2598 1036 2629 A
1059 2599 1111 2629 for
1134 2601 1346 2631 extrinsecus.
1505 2600 1546 2631 94
1570 2605 1674 2631 coorte
1697 2600 1737 2638 B,
1761 2599 1782 2633 i.
1796 2610 1825 2632 e.

235 2653 361 2680 coortae
370 2661 383 2686 ;
414 2648 481 2680 and
505 2659 540 2680 so
560 2650 679 2681 Lamb.
704 2651 753 2683 ed.
780 2653 810 2683 3.
833 2657 943 2683 coorta
964 2652 1004 2683 A.
1051 2663 1118 2692 qua
1142 2653 1342 2684 contendant
1367 2652 1425 2683 AB
1453 2655 1544 2684 most
1570 2654 1735 2694 properly.
1763 2665 1831 2694 qua

236 2704 433 2735 contendant
456 2703 547 2734 Nico.
570 2703 639 2735 and
662 2705 709 2735 all
732 2715 812 2736 mss.
831 2705 899 2736 and
923 2706 992 2738 eds.
1012 2705 1160 2737 between
1183 2706 1257 2737 him
1281 2705 1351 2738 and
1376 2706 1499 2738 Lach.:
1526 2707 1566 2739 91
1592 2707 1715 2746 diffusa
1738 2717 1766 2745 e,
1789 2709 1830 2741 92

236 2757 430 2788 e.z·trinsecu’
455 2762 547 2795 torte,
572 2759 613 2790 94
636 2764 748 2790 coorta
771 2759 876 2790 Lach.
901 2760 1014 2791 whose
1036 2760 1259 2800 explanation
1288 2760 1318 2791 is
1348 2764 1437 2792 most
1467 2760 1592 2792 forced.
1768 2763 1830 2794 101

236 2810 386 2849 Extima,
420 2812 623 2850 imaginibus
654 2812 718 2842 Ed.
745 2812 798 2843 for
822 2815 877 2844 Ex
902 2815 1122 2853 imayinibus:
1156 2813 1213 2844 the
1240 2813 1345 2845 scribe
1371 2813 1546 2853 neglected
1572 2815 1608 2845 to
1632 2816 1746 2854 repeat
1772 2815 1831 2847 the

241 2865 316 2894 ima.
361 2865 488 2895 Excita
514 2866 715 2904 imayinibus
742 2865 844 2898 Lach.
894 2869 977 2897 Esse
1001 2869 1038 2898 in
1063 2868 1262 2906 imaginibus
1284 2867 1411 2898 Avanc.
1431 2868 1575 2907 Nauger.
1596 2867 1716 2899 Lamb.
1738 2868 1830 2908 vulg.

238 2917 380 2948 without
403 2918 571 2959 meaning.
620 2921 699 2950 Esse
723 2924 754 2950 et
777 2920 860 2950 Mar.
885 2920 981 2951 Junt.
1027 2931 1136 2952 rerum
1159 2920 1261 2952 Lach.
1284 2921 1336 2951 for
1361 2931 1480 2958 eorum,
1499 2931 1536 2952 as
1559 2921 1595 2951 in
1619 2921 1671 2952 43.
1718 2911 1831 2953 earnm
