1997 3267
956 193 1030 236 III
1716 207 1788 248 155

301 308 434 358 atque
465 302 636 358 explere
667 302 791 344 bonis
822 301 949 344 rebus
980 302 1224 357 satiareque
1254 316 1505 358 numquam,

302 371 416 427 quod
447 371 611 412 faciunt
642 371 766 413 nobis
796 385 1005 412 annorum
1038 377 1246 426 tempora,
1275 371 1434 412 circum
1690 383 1789 425 1005

301 455 398 481 cum
430 439 613 482 redeunt
644 440 842 495 fetusque
875 439 1019 481 ferunt
1049 439 1272 494 variosque
1305 440 1483 496 leporeS,

301 524 379 550 nec
412 514 558 550 tamen
589 509 812 564 explemur
842 508 949 549 vitai
981 508 1192 550 fructibus
1222 524 1441 565 umquam,

303 577 391 627 hoc,
423 584 473 619 ut
504 578 662 634 opinor,
697 578 740 619 id
773 583 850 628 est,
881 592 986 620 aevo
1018 578 1198 620 florente
1230 579 1396 634 puellas

301 647 416 703 quod
446 654 686 689 memorant
719 648 890 690 laticem
922 653 1147 703 pertusum
1180 663 1406 703 congerere
1436 648 1480 689 in
1514 664 1597 698 vaS,

302 717 416 773 quod
449 722 595 758 tamen
626 716 788 772 expleri
818 717 938 758 nulla
968 717 1133 758 ratione
1165 722 1370 772 potestur.
1689 730 1795 760 1010

302 785 514 828 Cerberus
546 791 590 827 et
621 785 756 827 furiae
788 786 873 826 iam
906 800 1004 827 vero
1036 791 1080 827 et
1113 785 1220 827 lucis
1251 791 1420 842 egestas

951 852 975 876 *-

304 922 508 964 Tartarus
539 922 763 964 horriferos
796 928 995 964 eructans
1027 923 1221 964 faucibus
1251 931 1408 973 aestus,

302 991 378 1046 qui
408 1006 547 1046 neque
579 996 681 1033 sunt
713 1006 894 1047 usquam
925 1006 1005 1033 nec
1035 997 1215 1047 possunt
1247 1007 1337 1034 esse
1368 993 1566 1048 profecto.

302 1059 377 1100 sed
407 1065 550 1101 metus
581 1059 626 1100 in
658 1060 749 1101 vita
779 1075 1014 1116 poenarum
1047 1075 1122 1116 pro
1154 1061 1266 1102 male
1298 1061 1421 1103 factis

302 1133 368 1170 est
399 1128 640 1184 insignibus
671 1128 852 1185 insignis
883 1129 1138 1184 scelerisque
1171 1130 1312 1179 lueHa,
1689 1142 1790 1183 1015

301 1211 443 1239 carcer
473 1203 517 1239 et
548 1197 762 1239 horribilis
793 1197 845 1239 de
877 1213 978 1239 saxo
1010 1199 1138 1241 iactu'
1169 1199 1379 1248 deorsum,

303 1266 481 1309 verbera
510 1267 728 1309 carnifices
758 1268 887 1309 robur
917 1268 989 1324 pix
1024 1269 1229 1310 lammina
1260 1269 1438 1321 taedae3

302 1351 412 1391 quae
444 1341 591 1377 tamen
623 1336 704 1378 etsi
735 1336 906 1387 absunt,
937 1343 983 1378 at
1015 1353 1136 1379 mens
1167 1338 1250 1380 sibi
1282 1339 1447 1380 conscia
1478 1339 1601 1381 factis

302 1411 604 1460 praemetuens
635 1405 812 1447 adhibet
843 1405 1040 1448 stimulos
1072 1412 1292 1463 terretque
1324 1407 1504 1464 flagellis

301 1490 380 1517 nec
410 1475 530 1517 videt
561 1475 728 1517 interea
758 1476 833 1531 qui
865 1476 1077 1518 terminus
1108 1491 1198 1518 esse
1230 1477 1440 1519 malorum
1687 1490 1796 1520 1020

301 1545 437 1601 possit
467 1560 546 1588 nec
577 1561 686 1601 quae
718 1546 775 1587 sit
807 1560 1043 1602 poenarum
1075 1546 1261 1602 denique
1294 1547 1391 1589 finis

301 1619 433 1670 atque
465 1614 614 1656 eadem
646 1615 807 1656 metuit
839 1615 976 1672 magis
1007 1615 1111 1657 haec
1142 1630 1196 1657 ne
1227 1615 1273 1657 in
1304 1621 1441 1657 morte
1472 1621 1735 1671 gravescant.

303 1683 372 1725 hic
403 1683 640 1725 Acherusia
671 1683 721 1725 fit
752 1684 983 1725 stultorum
1015 1684 1201 1740 denique
1232 1684 1332 1725 vita.

362 1752 458 1793 Hoc
489 1751 621 1794 etiam
653 1752 736 1793 tibi
767 1758 862 1794 tute
895 1752 1114 1794 interdum
1145 1753 1285 1794 dicere
1316 1752 1451 1808 possis

303 1821 494 1863 ‘lumina
523 1821 580 1863 sis
611 1822 744 1863 oculis
775 1822 908 1863 etiam
940 1822 1076 1863 bonus
1108 1822 1245 1863 Ancu'
1276 1821 1452 1877 reliquit
1687 1833 1790 1875 1025

188 1968 274 2000 Mar.
299 1968 395 2000 Junt.
420 1968 510 2009 vulg·
665 1969 747 2000 1005
772 1971 896 2001 circum
921 1971 1002 2001 Cum
1024 1971 1172 2002 redeunt.
1261 1972 1397 2008 victum,
1424 1971 1506 2001 Cum
1529 1970 1666 2001 redeunt
1688 1970 1793 2001 Lach.

186 2022 330 2054 without
362 2032 473 2055 cause.
631 2023 715 2056 1009
746 2033 916 2063 conyerere
945 2025 974 2055 B
1007 2034 1091 2056 corr.
1124 2027 1189 2056 etc.
1222 2024 1274 2056 for
1304 2035 1427 2064 cogyere.
1587 2025 1671 2056 1010
1702 2026 1796 2056 nulla

187 2078 280 2109 Nicc.
298 2078 350 2108 for
366 2078 446 2109 ulla.
619 2077 715 2109 After
738 2078 820 2110 1011
843 2078 859 2108 Ι
881 2078 1007 2110 believe
1028 2088 1122 2110 some
1142 2089 1256 2110 verses
1277 2089 1334 2110 are
1349 2079 1436 2111 lost:
1462 2079 1546 2110 both
1562 2079 1620 2110 the
1637 2079 1746 2111 words
1761 2079 1796 2110 of

188 2131 326 2163 Servius
344 2133 378 2163 to
394 2131 479 2162 Aen.
493 2141 528 2162 VI
545 2132 608 2164 596
625 2131 694 2163 and
709 2131 764 2163 his
781 2134 918 2164 context
934 2142 1036 2172 prove
1051 2135 1087 2164 to
1103 2142 1158 2164 me
1175 2133 1253 2165 that
1268 2133 1311 2164 he
1327 2133 1356 2164 is
1375 2133 1537 2173 speaking
1553 2133 1589 2165 of
1602 2133 1794 2170 Lucretius,

186 2187 248 2218 not
270 2185 307 2217 of
329 2185 437 2225 Virgil
458 2195 496 2217 as
517 2185 672 2226 Bernays
692 2186 821 2218 affirms
841 2186 879 2218 in
899 2187 1021 2220 Rhein.
1048 2187 1138 2220 Mus.
1158 2197 1192 2220 n.
1218 2188 1241 2218 f.
1264 2198 1285 2218 v
1304 2197 1337 2227 p.
1355 2188 1428 2225 584,
1447 2187 1545 2219 when
1561 2187 1605 2219 he
1624 2197 1702 2228 says
1720 2192 1793 2228 ‘per

189 2243 302 2273 rotam
332 2242 449 2273 autem
482 2240 631 2272 ostendit
662 2241 891 2281 negotiatores
916 2242 976 2282 qui
999 2252 1129 2282 semper
1151 2242 1417 2283 tempestatibus
1440 2242 1703 2282 turbinibusque
1726 2242 1795 2273 vol-

186 2297 344 2328 vuntur’.
395 2294 413 2326 1
443 2294 530 2326 have
561 2295 739 2336 appended
769 2295 827 2327 the
857 2296 956 2328 mark
987 2297 1024 2327 of
1052 2306 1071 2328 a
1101 2296 1218 2328 hiatus
1242 2296 1313 2329 and
1335 2296 1434 2328 made
1457 2306 1502 2328 no
1525 2296 1656 2337 change
1679 2296 1716 2328 in
1739 2297 1797 2329 the

187 2352 269 2382 text.
308 2350 427 2390 furiae
449 2349 478 2380 B
499 2359 585 2381 corr.
606 2350 708 2382 Pont.
730 2350 817 2382 Mar.
843 2351 896 2382 for
915 2353 1032 2392 sanae.
1082 2351 1150 2383 For
1170 2357 1295 2391 eyestas
1317 2351 1354 2382 of
1374 2351 1421 2383 all
1442 2361 1523 2382 mss.
1549 2351 1620 2383 and
1642 2351 1679 2382 of
1699 2351 1791 2384 Brix.

188 2403 257 2435 and
277 2403 368 2441 Ver„
386 2403 471 2436 Ven.
490 2403 556 2435 has
577 2403 635 2436 the
655 2404 868 2436 remarkable
889 2405 1031 2445 reading
1052 2415 1182 2445 eyenus,
1199 2405 1347 2445 adopted
1369 2405 1412 2445 by
1428 2404 1504 2436 Ald.
1523 2405 1541 2436 1
1558 2405 1578 2435 J
1582 2407 1654 2437 unt.
1675 2405 1795 2437 Lamb.

186 2457 277 2497 vulg.
304 2457 429 2496 Lach.;
454 2457 515 2489 but
538 2457 566 2488 it
588 2457 618 2489 is
640 2458 677 2489 of
699 2468 818 2490 course
841 2468 862 2490 a
881 2468 967 2499 pure
988 2459 1184 2499 conjecture
1204 2459 1317 2490 which
1341 2459 1448 2492 Lach.
1473 2459 1625 2500 Wrongly
1646 2459 1737 2500 gives
1762 2461 1797 2491 to

188 2512 368 2544 Marullus.
545 2513 628 2545 1013
659 2514 725 2553 Qui
750 2524 864 2554 neque.
912 2515 1024 2554 Quid?
1051 2525 1155 2554 neque
1182 2513 1291 2546 Lach.
1335 2515 1431 2546 Haec
1459 2525 1561 2555 neque
1585 2515 1671 2546 Mar.
1696 2515 1792 2547 Junt.

187 2567 274 2607 vulg.
464 2568 548 2599 1014
566 2579 750 2609 poenarum
772 2569 865 2601 Nico.
890 2569 942 2601 for
960 2580 1146 2610 paenarum
1171 2569 1208 2601 of
1231 2569 1309 2600 AB:
1341 2569 1379 2600 in
1407 2569 1544 2601 ancient
1572 2569 1673 2601 times
1699 2569 1795 2600 there

188 2631 296 2652 seems
316 2624 352 2653 to
375 2621 463 2653 have
486 2621 572 2653 been
597 2633 617 2654 a
642 2622 789 2663 struggle
813 2623 965 2655 between
987 2634 1098 2664 paena
1123 2623 1192 2654 and
1213 2623 1273 2654 the
1292 2633 1386 2655 more
1409 2625 1536 2655 correct
1554 2633 1664 2663 poena
1685 2622 1796 2653 which

187 2675 308 2716 finally
331 2675 511 2716 prevailed.
556 2678 720 2717 paenitet,
745 2687 782 2708 or
804 2677 892 2709 later
917 2680 1058 2718 penitet,
1086 2687 1154 2709 was
1177 2677 1277 2709 alone
1304 2677 1440 2709 known.
1583 2677 1667 2708 1016
1689 2677 1794 2708 iactu?

187 2731 336 2761 deorsum
350 2729 470 2762 Lamb.
488 2730 541 2761 for
557 2733 666 2762 iactus
684 2741 804 2763 eorum.
849 2732 954 2763 iactu’
970 2742 1098 2763 reorum
1113 2731 1235 2762 Heins.
1252 2731 1289 2762 in
1305 2742 1370 2763 ms.
1387 2734 1497 2762 notes.
1630 2731 1713 2763 1017
1729 2732 1797 2762 iam

188 2785 282 2815 mina
297 2784 367 2815 AB.
413 2786 549 2824 aymina
565 2783 659 2815 Nice.
675 2784 767 2816 Flor.
785 2785 826 2816 31
840 2785 936 2816 Brix.
953 2786 1030 2817 Ver.
1078 2786 1204 2816 lamina
1220 2784 1304 2816 Ven.
1321 2785 1411 2825 vulg.
1458 2785 1616 2816 lammina
1630 2784 1735 2815 Lach.

233 2838 317 2870 1019
341 2843 504 2879 terretque
525 2838 633 2870 Lach.
656 2838 710 2870 for
732 2843 906 2880 torretque.
953 2845 1145 2880 torquetque
1168 2838 1288 2872 Heins.
1308 2839 1346 2870 in
1366 2849 1431 2870 ms.
1453 2841 1551 2871 notes
1573 2838 1643 2870 and
1664 2838 1796 2870 advers.

187 2891 301 2923 which
317 2891 408 2932 Virg.
428 2892 509 2924 Aen.
530 2902 565 2924 VI
583 2893 646 2925 670
661 2894 1098 2934 sontis..fia9ello...quatit
1114 2893 1225 2934 might
1241 2894 1389 2934 perhaps
1408 2897 1560 2934 support.

233 2947 317 2977 1023
339 2947 418 2980 Hic.
465 2947 558 2979 Hinc
574 2947 672 2980 Pont.
693 2948 780 2980 Mar.
796 2948 894 2980 Junt.
911 2948 1032 2980 Lamb.
1048 2949 1139 2989 vulg.
1156 2948 1301 2982 without
1319 2959 1429 2981 cause.
1541 2949 1624 2981 1031
1641 2959 1795 2990 superare
