1997 3267
968 207 1006 248 V
1701 224 1781 265 243

291 315 450 372 nequid
482 315 536 358 ob
566 314 799 357 admissum
832 313 953 355 foede
983 313 1203 357 dictumve
1233 316 1416 370 superbe

290 399 523 442 poenarum
553 398 684 441 grave
715 383 773 425 sit
803 382 996 424 solvendi
1028 389 1200 439 tempus
1231 384 1464 427 adultum?
1675 399 1750 429 122
1758 398 1777 440 5

288 467 458 495 summa
487 453 619 495 etiam
650 467 748 494 cum
781 451 845 494 vis
876 451 1054 493 violenti
1084 466 1162 508 per
1191 467 1308 495 mare
1340 454 1460 496 venti

289 521 637 578 induperatorem
668 521 813 563 classis
843 534 972 576 super
1001 535 1187 576 aequora
1219 522 1353 564 verrit

289 607 387 634 cum
419 591 571 634 validis
601 591 762 647 pariter
793 590 1034 647 legionibus
1063 597 1196 646 atque
1228 591 1482 646 elephantis,

290 675 376 703 non
406 661 550 703 divom
582 675 729 716 pacem
761 659 873 701 votis
903 659 996 701 adit
1026 674 1076 701 ac
1106 674 1230 715 prece
1261 660 1432 716 quaesit

290 735 517 772 ventorum
547 728 730 785 pavidus
760 743 885 784 paces
915 728 1165 784 animasque
1195 729 1416 780 secundas,
1674 743 1782 783 1230

291 798 567 854 nequiquam,
598 797 800 853 quoniam
833 796 1020 838 violento
1052 797 1224 839 turbine
1255 812 1382 854 saepe

291 872 511 923 correptus
541 866 628 908 nilo
660 866 797 908 fertur
826 865 970 907 minus
1000 865 1054 907 ad
1087 866 1195 907 vada
1226 866 1336 908 leti?

292 950 426 991 usque
455 934 562 976 adeo
592 948 658 976 res
688 933 899 975 humanas
930 933 994 974 vis
1024 933 1174 975 abdita
1204 934 1415 990 quaedam

289 1004 450 1060 opterit
480 1009 525 1045 et
555 1003 756 1059 pulchros
788 1002 910 1044 fascis
941 1016 1174 1058 saevasque
1205 1018 1373 1046 secures

291 1073 533 1129 proculcare
563 1086 613 1114 ac
644 1071 828 1114 ludibrio
858 1071 940 1113 sibi
972 1072 1128 1114 habere
1161 1073 1342 1116 videtur.
1676 1086 1720 1115 12
1728 1086 1748 1126 3
1758 1084 1776 1126 5

290 1143 476 1199 denique
506 1142 586 1184 sub
617 1141 799 1198 pedibus
829 1141 958 1183 tellus
989 1156 1086 1183 cum
1118 1147 1212 1184 tota
1242 1143 1414 1184 vacillat

292 1226 604 1268 concussaeque
635 1211 796 1254 cadunt
826 1212 953 1252 urbes
983 1211 1226 1266 dubiaeque
1257 1212 1486 1262 minantur,

294 1281 398 1338 quid
429 1281 585 1323 mirum
617 1280 653 1321 si
684 1295 729 1322 se
760 1285 964 1322 temnunt
995 1281 1192 1323 mortalia
1221 1282 1360 1324 saecla

290 1355 422 1406 atque
452 1350 681 1405 potestatis
712 1363 888 1405 magnas
919 1349 1133 1405 mirasque
1163 1350 1383 1405 relinqunt

292 1420 338 1461 in
367 1419 495 1461 rebus
525 1418 627 1460 viris
657 1418 818 1469 divum,
850 1433 959 1473 quae
991 1425 1146 1461 cuncta
1176 1419 1454 1476 gubernent?
1673 1432 1780 1472 1240

350 1487 476 1540 Quod
506 1493 714 1543 superest,
744 1502 816 1530 aes
846 1494 976 1544 atque
1007 1503 1160 1530 aurum
1192 1489 1437 1545 ferrumque
1467 1495 1725 1545 repertumst

292 1562 338 1600 et
368 1557 497 1599 simul
527 1557 697 1614 argenti
727 1557 894 1613 pondus
925 1558 1177 1614 plumbique
1209 1564 1410 1614 potestas,

291 1625 405 1683 ignis
435 1625 511 1668 ubi
540 1625 732 1682 ingentis
763 1625 890 1668 silvas
920 1627 1069 1667 ardore
1101 1632 1309 1668 cremarat

293 1694 512 1737 montibus
542 1695 587 1735 in
619 1695 796 1751 magnis,
828 1709 902 1736 seu
935 1695 1041 1736 caeli
1072 1695 1251 1737 fulmine
1282 1695 1420 1745 misso,

293 1764 383 1805 sive
413 1764 526 1819 quod
558 1764 671 1805 inter
701 1779 744 1805 se
776 1764 937 1806 bellum
968 1764 1162 1806 silvestre
1192 1770 1391 1821 gerentes
1674 1774 1773 1816 1245

294 1833 490 1875 hostibus
520 1833 758 1875 intulerant
789 1833 933 1890 ignem
965 1833 1202 1875 formidinis
1233 1848 1344 1890 ergo,

293 1902 382 1945 sive
414 1902 527 1958 quod
557 1902 725 1943 inducti
755 1906 893 1943 terrae
924 1902 1118 1943 bonitate
1150 1901 1350 1943 volebant

293 1970 480 2027 pandere
511 1985 633 2027 agros
663 1971 837 2027 pinguis
868 1976 913 2012 et
943 1985 1101 2026 pascua
1130 1971 1308 2013 reddere
1338 1986 1447 2022 rura,

294 2040 384 2082 sive
415 2040 525 2081 feras
554 2039 793 2081 interficere
825 2045 869 2081 et
899 2039 1106 2082 ditescere
1137 2040 1304 2095 praeda.

296 2124 396 2150 nam
427 2109 549 2150 fovea
577 2114 708 2164 atque
740 2108 831 2165 igni
862 2108 980 2164 prius
1010 2114 1077 2150 est
1106 2109 1301 2150 venarier
1331 2114 1473 2150 ortum
1673 2118 1780 2160 1250

295 2192 426 2234 quam
456 2177 621 2234 saepire
651 2178 790 2234 plagis
821 2178 979 2219 saltum
1009 2177 1273 2233 canibusque
1303 2178 1424 2219 ciere.

296 2246 506 2302 quidquid
536 2246 582 2288 id
612 2252 689 2295 est,
721 2260 991 2302 quacumque
1021 2260 1045 2287 e
1074 2261 1203 2288 causa
1232 2246 1456 2287 flammeus
1486 2245 1610 2287 ardor

180 2379 258 2413 Ald.
277 2381 294 2410 1
312 2379 409 2412 Junt.
421 2379 497 2411 first
512 2379 565 2411 for
580 2379 742 2411 Fulmini.
787 2380 940 2410 Fulmine
957 2379 1050 2410 Nicc.
1095 2379 1248 2410 Fulmine
1265 2379 1411 2410 terribili
1426 2378 1517 2410 Flor.
1538 2378 1590 2410 31.
1698 2378 1781 2408 1224

181 2435 316 2475 Nequid
329 2433 435 2466 Lach.
452 2433 505 2465 for
519 2435 679 2474 Nequod:
705 2443 725 2465 a
742 2443 921 2473 necessary
937 2433 1078 2473 change,
1094 2433 1122 2464 if
1136 2432 1164 2464 it
1180 2433 1208 2464 is
1224 2432 1341 2473 joined
1357 2432 1440 2464 with
1456 2433 1643 2464 admissum.

227 2490 309 2521 1225
337 2490 488 2521 adultum
513 2488 621 2521 Lach.
645 2489 698 2520 for
726 2490 915 2520 adauctum.
965 2489 1122 2520 adactum
1148 2487 1249 2519 Pont.
1275 2487 1362 2519 Mar.
1386 2487 1462 2518 Ald.
1488 2487 1506 2517 1
1535 2486 1629 2518 Junt.
1657 2485 1778 2518 Lamb.

186 2546 248 2578 etc.
407 2543 491 2577 1226
515 2545 650 2576 Summa
665 2544 693 2575 F
709 2553 758 2576 or.
775 2544 816 2575 31
833 2543 919 2575 Mar.
938 2543 1013 2575 Ald.
1032 2544 1049 2574 1
1066 2543 1162 2574 Junt.
1183 2542 1236 2574 for
1252 2543 1394 2574 Summe.
1548 2541 1631 2574 1229
1654 2542 1729 2572 adit
1744 2550 1782 2572 ac

177 2608 276 2640 prece
291 2598 382 2630 Flor.
400 2598 441 2629 31
458 2597 576 2629 Camb.
594 2598 680 2629 Mar.
697 2597 751 2629 for
765 2599 863 2629 adita
872 2607 981 2638 prece.
1115 2597 1199 2628 1230
1214 2595 1373 2628 enclosed
1388 2595 1432 2635 by
1446 2595 1552 2627 Lach.
1569 2595 1606 2626 in
1623 2596 1636 2636 [
1649 2596 1671 2636 ].

228 2653 310 2686 1237
335 2653 530 2692 dubiaeque.
579 2653 738 2683 dubiaeve
753 2651 884 2683 Bentl.:
908 2651 970 2682 but
987 2660 1041 2682 see
1056 2651 1156 2682 notes
1171 2651 1202 2682 2.
1341 2650 1424 2680 1241
1448 2653 1594 2690 superest
1615 2659 1669 2680 aes
1685 2653 1784 2688 atque

183 2717 302 2739 aurum
317 2706 403 2738 Mar.
418 2704 495 2737 Ald.
513 2706 531 2736 1
549 2705 647 2738 Junt.
663 2705 715 2736 for
730 2710 877 2746 superest
892 2715 995 2746 aeque
1011 2714 1141 2736 aurum.
1329 2704 1413 2735 1244
1429 2705 1516 2735 caeli
1526 2704 1671 2744 fulmine
1688 2704 1784 2734 misso

182 2761 243 2793 BA
257 2770 342 2792 corr.
359 2759 451 2792 Nice.
469 2759 516 2791 all
531 2760 617 2791 later
631 2769 713 2792 mss.
734 2759 804 2791 and
818 2760 906 2791 eds.:
931 2760 1021 2792 caelo
1037 2760 1066 2790 A
1080 2768 1114 2798 p.
1124 2768 1170 2790 m.
1185 2757 1294 2791 alone.
1343 2760 1430 2790 caeli
1445 2759 1475 2790 is
1491 2757 1585 2798 quite
1601 2757 1706 2798 right:
1732 2766 1786 2789 see

183 2825 197 2847 1
211 2816 287 2849 489.
332 2816 423 2847 eaelo
438 2814 542 2846 Lach.
559 2814 635 2846 who
655 2824 733 2854 says
753 2816 882 2855 ‘neque
903 2814 988 2846 dixit
1009 2813 1091 2845 alibi
1111 2813 1291 2845 Lucretius
1309 2814 1439 2854 fulmen
1461 2813 1558 2850 caeli,
1576 2810 1634 2843 sed
1649 2813 1786 2852 playam

183 2870 269 2901 caeli
292 2877 396 2909 supra
419 2868 534 2900 1095’:
559 2867 620 2899 but
642 2867 722 2908 why
743 2867 800 2899 his
823 2877 907 2899 once
930 2867 1032 2907 using
1051 2868 1157 2907 playa
1180 2867 1277 2906 caeli,
1298 2865 1423 2898 should
1443 2868 1583 2907 prevent
1601 2864 1675 2896 him
1696 2865 1785 2896 from

183 2923 280 2956 twice
310 2923 412 2963 using
435 2924 566 2963 fulmen
594 2924 694 2960 caeli,
723 2932 782 2963 my
812 2922 910 2953 mind
940 2924 1066 2954 cannot
1096 2921 1337 2961 comprehend.
1491 2921 1574 2952 1252
1600 2921 1785 2961 Quidquid.

187 2979 355 3019 Quicquid
375 2978 451 3015 AB;
475 2976 545 3009 and
565 2986 602 3008 so
625 2977 685 3009 the
705 2977 758 3008 lex
779 2976 909 3008 Rubn'a
930 2977 971 3008 26
993 2976 1063 3008 and
1085 2975 1145 3007 the
1163 2975 1302 3008 ancient
1318 2975 1389 3007 and
1404 2975 1474 3007 sole
1490 2984 1554 3006 ms.
1572 2975 1608 3005 of
1621 2973 1708 3014 Livy
1723 2983 1785 3005 nv

1530 3031 1670 3072 16—2
