1997 3267
858 183 923 226 VI
1632 190 1710 239 285

225 292 570 351 quandoquidem
603 292 663 333 nil
695 297 761 333 est
793 291 876 332 nisi
907 305 1000 332 raro
1031 290 1204 346 corpori’
1237 306 1360 332 nexu.

283 363 382 404 Huc
413 361 578 404 accedit
610 360 676 402 uti
707 374 792 401 non
827 359 982 408 omnia,
1013 374 1123 415 quae
1154 359 1370 401 iaciuntur

223 447 396 489 corpora
427 446 610 487 cumque
641 429 697 472 ab
728 430 868 479 rebus,
899 429 1048 471 eodem
1081 429 1276 485 praedita
1307 445 1432 472 sensu
1631 433 1716 484 960

224 508 356 558 atque
387 501 536 543 eodem
569 506 694 555 pacto
725 498 854 540 rebus
885 498 974 540 siut
1005 498 1205 540 omnibus
1235 505 1348 554 apta.

224 571 435 628 principio
467 576 626 612 terram
657 569 719 611 sol
752 569 953 624 excoquit
984 574 1029 610 ct
1061 569 1163 610 facit
1193 584 1276 617 are,

224 647 271 683 at
301 640 482 697 glaciem
513 638 708 681 dissolvit
739 644 784 680 et
814 638 915 679 altis
947 637 1166 679 montibus
1197 637 1307 679 altas

225 715 521 765 extructasque
551 709 672 750 nives
702 707 833 748 radiis
865 707 1084 749 tabescere
1116 706 1242 763 cogit.

225 779 411 835 denique
443 793 538 820 cera
570 777 738 832 liquefit
770 776 814 817 iu
847 776 940 818 eius
971 782 1095 832 posta
1126 791 1288 832 vapore.
1633 779 1713 830 965

226 848 339 905 ignis
369 848 475 890 item
508 845 722 903 liquidum
754 845 858 887 facit
889 860 961 887 aes
992 859 1232 901 aurumque
1264 845 1448 893 resolvit,

226 923 273 960 at
303 918 416 960 coria
446 922 492 959 et
522 930 691 958 carnem
724 914 860 956 trahit
893 921 938 957 et
969 914 1171 957 conducit
1202 915 1247 956 in
1279 930 1423 957 unum.

227 1002 351 1029 umor
381 1000 516 1043 aquae
548 999 672 1042 porro
704 985 863 1026 ferrum
896 984 1105 1025 condurat
1135 983 1190 1026 ab
1221 983 1324 1040 igni,

227 1061 273 1097 at
304 1054 416 1097 coria
446 1060 491 1096 et
521 1068 693 1096 carnem
725 1052 866 1095 mollit
897 1052 1052 1094 durata
1083 1052 1232 1095 calore.

228 1124 474 1182 barbigeras
505 1124 688 1166 oleaster
719 1137 768 1164 eo
800 1122 925 1163 iuvat
956 1136 1092 1177 usque
1123 1121 1319 1177 capellas,
1635 1134 1721 1175 970

227 1195 377 1238 effluat
407 1193 646 1236 ambrosius
677 1191 799 1248 quasi
832 1206 940 1240 ver0,
974 1196 1020 1232 et
1050 1197 1222 1232 nectare
1255 1191 1440 1242 tinctus;

229 1278 316 1319 qua
346 1262 407 1304 nil
438 1267 504 1304 est
535 1261 699 1303 homini
731 1259 845 1316 quod
876 1259 1052 1301 amariu'
1086 1259 1281 1301 frondeat
1313 1274 1416 1301 esca.

229 1331 416 1388 denique
447 1330 739 1373 amaracinum
772 1329 934 1386 fugitat
965 1344 1038 1371 sus
1067 1334 1112 1371 et
1143 1330 1272 1371 timet
1303 1344 1428 1371 omne

230 1407 498 1458 ungentum;
538 1414 637 1441 nam
669 1398 892 1454 saetigeris
922 1398 1057 1440 subus
1087 1413 1182 1440 acre
1214 1405 1481 1446 venenumst,

230 1471 343 1528 quod
374 1484 451 1512 nos
482 1469 701 1512 interdum
733 1475 956 1525 tamquam
988 1482 1177 1510 recreare
1209 1467 1391 1510 videtur.
1637 1479 1717 1521 975

229 1546 275 1583 at
306 1545 455 1582 contra
485 1539 607 1581 nobis
639 1554 819 1581 caenum
852 1538 1103 1580 taeterrima
1133 1553 1231 1580 cum
1262 1538 1321 1580 sit

232 1609 471 1666 spurcities,
502 1608 653 1652 eadem
685 1608 818 1650 subus
849 1607 955 1650 haec
985 1607 1174 1650 iucunda
1206 1606 1387 1656 videtur,

231 1678 538 1721 insatiabiliter
568 1678 652 1720 toti
683 1684 734 1719 ut
766 1677 993 1719 volvantur
1023 1676 1196 1719 ibidem.

288 1748 384 1790 Hoc
415 1748 546 1790 etiam
578 1753 785 1803 superest,
816 1747 910 1803 ipsa
940 1761 1069 1802 quam
1101 1745 1242 1788 dicere
1273 1745 1326 1788 de
1357 1760 1401 1787 re

230 1815 456 1873 adgredior
485 1815 599 1872 quod
631 1815 861 1857 dicendum
892 1815 1012 1871 prius
1043 1829 1135 1857 esse
1166 1814 1348 1856 videtur.
1639 1815 1725 1865 980

231 1886 370 1928 multa
400 1885 609 1927 foramina
639 1899 736 1926 cum
769 1883 898 1926 variis
928 1884 1017 1926 sint
1046 1884 1218 1926 reddita
1246 1884 1386 1933 rebus

233 1954 432 1997 dissimili
462 1954 578 1996 inter
607 1968 652 1995 se
683 1960 841 1995 natura
870 1953 1067 2009 praedita
1098 1953 1258 1995 debent

233 2038 322 2066 esse
354 2029 398 2065 et
430 2023 587 2065 habere
619 2037 741 2064 suam
773 2028 974 2064 naturam
1006 2036 1201 2078 quaeque
1233 2022 1416 2078 viasque.

234 2093 393 2149 quippe
425 2093 586 2135 etenim
619 2092 726 2134 varii
757 2107 906 2134 sensus
937 2092 1232 2134 animantibus
1262 2091 1423 2140 insunt,

233 2178 416 2221 quorum
447 2162 628 2218 quisque
660 2176 782 2202 suam
813 2161 982 2217 proprie
1013 2175 1103 2202 rem
1135 2160 1319 2217 percipit
1349 2160 1395 2202 in
1425 2174 1493 2212 se3
1641 2162 1722 2213 985

238 2248 340 2276 nam
370 2238 595 2290 penetrare
627 2231 711 2273 alio
742 2231 908 2272 sonitus
938 2230 1108 2286 alioque
1138 2245 1332 2286 saporem

119 2374 231 2406 which
246 2374 276 2405 is
293 2373 352 2406 the
369 2383 463 2405 same
480 2372 592 2411 thing.
630 2374 728 2404 iurae
744 2372 773 2403 A
789 2381 821 2413 p.
836 2381 883 2403 m.
898 2371 1023 2403 caused
1039 2371 1082 2411 by
1093 2376 1246 2408 remotae,
1260 2381 1298 2403 or
1313 2381 1351 2403 as
1367 2370 1474 2402 Lach.
1492 2380 1569 2412 says
1584 2371 1728 2403 because

117 2427 176 2460 the
191 2427 374 2468 archetype
389 2426 460 2459 had
475 2425 560 2458 both
576 2428 649 2458 iure
665 2425 734 2458 and
750 2427 828 2457 iura
844 2425 956 2457 which
971 2425 1016 2457 he
1031 2424 1130 2457 reads
1146 2424 1216 2456 and
1232 2425 1250 2456 Ι
1266 2434 1343 2457 now
1358 2424 1454 2457 read:
1481 2434 1535 2456 see
1550 2427 1649 2457 notes
1665 2426 1696 2456 2.

162 2483 226 2516 958
249 2493 326 2514 raro
349 2481 488 2523 corpori'
512 2492 600 2513 nexu
621 2481 728 2513 Lach.
753 2482 806 2513 for
828 2491 905 2513 raro
927 2491 1060 2521 corpore
1082 2490 1211 2513 nexam.
1417 2479 1480 2512 962
1502 2481 1549 2511 sol
1571 2479 1662 2511 Flor.
1686 2480 1726 2511 31

119 2536 237 2570 Camb.
258 2536 344 2568 Mar.
361 2539 424 2568 etc.
442 2537 494 2567 for
510 2546 584 2576 quo.
762 2535 825 2568 964
841 2544 903 2575 que
919 2533 1030 2566 added
1046 2533 1090 2574 by
1105 2533 1197 2565 Flor.
1215 2533 1256 2565 31
1273 2532 1374 2565 Pont.
1393 2533 1479 2564 Mar.
1497 2532 1573 2566 Ald.
1595 2533 1612 2564 1
1629 2533 1648 2564 J
1652 2536 1726 2564 unt.

120 2597 287 2624 extructas
302 2593 457 2632 ninyneis
473 2592 601 2623 Avanc.
619 2592 654 2622 at
670 2589 736 2622 end
753 2590 789 2622 of
803 2589 929 2621 Catull.
979 2590 1046 2621 alte
1063 2590 1246 2620 Extractus
1263 2590 1403 2628 ningues
1418 2588 1562 2628 Nauger.

166 2646 229 2680 965
252 2647 391 2688 liquefit.
441 2647 597 2686 liquescit
617 2644 694 2678 vat.
715 2645 779 2677 640
800 2644 923 2677 Urbin.
940 2643 1018 2675 Ver.
1036 2643 1122 2675 Ven.
1139 2643 1215 2676 Ald.
1242 2643 1260 2674 1
1282 2643 1379 2675 Junt.
1398 2643 1471 2685 (not
1487 2643 1586 2685 Mar.)
1603 2642 1726 2675 Lamb.

121 2703 130 2719 ‘
141 2701 308 2742 liquescit.
327 2702 357 2733 s‘
375 2701 495 2733 Heins.
516 2701 553 2732 in
569 2710 634 2732 ms.
650 2703 767 2732 notes:
793 2699 854 2732 but
871 2709 916 2732 on
933 2699 1003 2731 this
1019 2698 1091 2732 cod.
1113 2697 1221 2729 Modii
1237 2708 1291 2729 see
1307 2697 1542 2730 introduction
1557 2707 1590 2738 p.
1608 2698 1661 2729 24.

186 2756 248 2790 971
265 2757 447 2787 ambrosius
469 2755 534 2788 Ed.
555 2755 608 2786 for
623 2756 815 2786 ambrosias.
862 2755 1044 2785 ambrosiae
1061 2755 1161 2794 quasi
1183 2763 1258 2784 vere
1275 2757 1306 2784 et
1329 2753 1468 2783 nectari‘
1486 2753 1606 2784 linctus
1621 2751 1727 2784 Lach.

120 2810 299 2851 elegant1y‚
315 2809 462 2851 perhaps
478 2809 616 2850 rightly.
799 2809 862 2842 972
881 2807 1144 2847 Qua...amarz·u’
1153 2808 1315 2848 frondeat
1331 2817 1404 2838 esca
1419 2805 1525 2837 Lach.
1542 2805 1595 2837 for
1612 2807 1724 2846 Qua...

121 2866 248 2897 marius
265 2865 387 2905 fronde
412 2874 451 2895 ac
474 2868 581 2896 eaescet
604 2863 644 2902 A,
664 2867 754 2894 extet
775 2862 805 2893 B
828 2861 952 2894 Vienn.
976 2862 1099 2902 fragm.
1123 2860 1235 2892 Nica:
1260 2861 1407 2892 amarius
1429 2859 1521 2891 Flor.
1545 2860 1586 2891 31
1610 2859 1727 2892 Camb.

122 2923 189 2952 two
205 2918 283 2950 Vat.
301 2918 389 2950 Mar.
609 2918 672 2950 973
689 2918 919 2948 amaracinum
935 2916 1022 2948 Mar.
1040 2916 1136 2948 Junt.
1158 2915 1209 2947 for
1225 2916 1438 2948 maracinum.
1666 2916 1728 2948 977

124 2975 272 3007 iucunda
295 2972 413 3004 Camb.
437 2973 524 3004 Mar.
541 2972 616 3004 Ald.
639 2972 656 3003 l
681 2972 778 3003 Junt.
797 2971 867 3003 Gif.
892 2971 944 3003 for
960 2971 1085 3003 cimzda
1100 2970 1139 3010 A,
1166 2971 1297 3002 {munda
1320 2970 1360 3001 B.
1406 2969 1549 3001 iocunda
1571 2969 1663 3001 Flor.
1688 2971 1727 3002 31
