1997 3267
842 181 889 222 II
1601 195 1678 236 107

199 289 274 344 qui
304 288 504 343 quoniam
537 287 721 342 quodam
751 286 991 342 gignuntur
1021 286 1196 327 luminis
1227 287 1329 337 ictu,

199 357 304 398 scire
336 356 447 405 licet,
478 356 569 397 sine
600 369 649 396 eo
678 354 771 395 fieri
801 368 886 395 non
917 368 1039 408 posse
1071 354 1314 409 putandum
1345 361 1421 398 est.

200 430 244 466 et
275 423 476 479 quoniam
508 423 658 478 plagae
691 421 904 477 quoddam
935 435 1071 476 genus
1103 422 1262 477 excipit
1294 422 1338 463 in
1369 437 1413 465 se
1592 427 1677 467 810

200 492 372 549 pupula,
403 507 500 533 cum
530 491 688 532 sentire
720 490 900 530 colorem
932 489 1089 530 dicitur
1120 489 1277 540 album,

199 568 329 617 atque
358 561 475 602 aliud
506 574 639 615 porro,
669 559 839 614 nigrum
870 573 967 599 cum
999 564 1043 599 et
1074 564 1216 600 cetera
1246 560 1390 610 sentit,

200 645 277 672 nec
307 631 436 672 refert
466 644 517 671 ea
546 643 654 684 quae
685 633 838 684 tangas
869 642 952 683 quo
984 629 1091 669 forte
1122 628 1256 669 colore

199 699 394 755 praedita
423 699 521 748 sint,
551 712 699 739 verum
731 697 847 752 quali
878 697 1013 752 magis
1044 702 1147 752 apta
1179 697 1325 753 figura,

200 768 304 809 scire
335 767 435 808 licet
466 766 525 807 nil
556 765 776 820 principiis
806 779 912 820 opus
943 780 1033 806 esse
1064 765 1231 815 colores,
1593 768 1671 819 815

200 835 274 876 sed
303 834 430 876 variis
460 834 603 875 formis
636 833 847 874 variantes
878 833 1002 874 edere
1033 838 1183 875 tactus.

260 905 484 945 Praeterea
514 901 714 957 quoniam
745 917 830 943 non
861 902 987 943 certis
1018 907 1133 942 certa
1163 901 1310 957 figuris

200 978 265 1014 est
295 978 448 1014 natura
478 971 625 1013 coloris
656 976 700 1012 et
731 971 873 1012 omnia
903 970 1207 1026 principiorum

201 1041 482 1083 formamenta
512 1045 676 1096 queunt
707 1040 752 1081 in
783 1040 931 1095 quovis
963 1055 1052 1081 esse
1083 1040 1233 1090 nitore,

201 1124 276 1151 cur
306 1124 356 1151 ea
385 1124 494 1164 quae
524 1113 722 1150 constant
753 1123 804 1149 ex
836 1108 920 1149 illis
950 1123 1034 1149 non
1064 1109 1224 1163 pariter
1254 1114 1356 1150 sunt
1593 1110 1677 1151 820

200 1192 324 1220 omne
354 1192 488 1234 genus
519 1177 689 1232 perfusa
718 1176 926 1217 coloribus
956 1176 1000 1217 in
1030 1191 1184 1232 genere
1216 1177 1361 1218 omni?

200 1246 478 1288 conveniebat
508 1245 623 1287 enim
655 1259 796 1286 corvos
827 1259 994 1299 quoque
1025 1259 1150 1300 saepe
1182 1245 1365 1287 volantis

201 1330 252 1356 ex
284 1315 392 1356 albis
421 1315 566 1356 album
598 1314 740 1369 pinnis
771 1314 928 1355 iactare
959 1314 1150 1363 colorem,

200 1389 245 1425 et
274 1383 416 1439 nigros
445 1383 537 1424 fieri
567 1383 688 1439 nigro
718 1383 770 1424 de
801 1382 962 1423 semine
993 1397 1142 1438 cycnos

199 1457 276 1493 aut
305 1452 388 1493 alio
418 1451 566 1507 quovis
596 1466 681 1492 uno
711 1451 911 1505 varioque
942 1450 1086 1492 colore.
1592 1453 1668 1503 825

259 1520 374 1572 Quin
405 1521 535 1562 etiam
566 1525 727 1575 quanto
758 1519 802 1560 in
833 1524 976 1574 partes
1006 1534 1071 1560 res
1103 1534 1294 1575 quaeque
1325 1519 1514 1562 minutas

199 1588 452 1630 distrahitur
482 1588 629 1644 magis,
660 1588 737 1629 hoc
768 1587 904 1644 magis
935 1593 1000 1629 est
1030 1594 1080 1629 ut
1110 1603 1280 1630 cernere
1310 1589 1445 1644 possis

200 1672 447 1700 evanescere
477 1657 685 1712 paulatim
717 1656 965 1712 stinguique
996 1657 1199 1708 colore1n3

200 1732 250 1768 ut
280 1726 330 1767 fit
361 1726 435 1767 ubi
465 1726 510 1767 in
541 1741 692 1781 parvas
721 1726 854 1780 partis
885 1726 1140 1781 discerpitur
1169 1732 1388 1767 austrum:

199 1809 387 1850 purpura
416 1795 726 1850 poeniceusque
753 1795 868 1836 'color
897 1795 1142 1835 clarissimu’
1174 1795 1322 1844 multo,
1591 1796 1675 1847 830

199 1864 353 1905 filatim
384 1878 480 1904 cum
511 1864 765 1904 distractum
796 1869 872 1913 est,
903 1863 1161 1919 dispergitur
1191 1863 1353 1915 omnis;

199 1946 370 1973 noscere
400 1937 450 1972 ut
481 1931 580 1972 hinc
610 1931 742 1986 possis
773 1931 890 1986 prius
921 1946 1089 1972 omnem
1122 1930 1262 1972 efflare
1293 1931 1472 1972 colorem

198 1998 429 2053 particulas
460 2013 588 2053 quam
619 1998 838 2039 discedant
869 1998 923 2039 ad
953 1998 1115 2039 semina
1144 2013 1294 2040 rerum.

258 2067 475 2108 Postremo
506 2066 706 2121 quoniam
737 2080 820 2107 non
851 2067 993 2107 omnia
1023 2081 1193 2122 corpora
1224 2081 1368 2108 vocem

199 2135 372 2177 mittere
402 2135 596 2177 concedis
626 2149 765 2190 neque
795 2135 977 2185 odorem,
1007 2142 1231 2191 propterea
1260 2136 1310 2177 fit
1589 2136 1667 2189 835

199 2209 250 2245 ut
280 2219 364 2246 non
395 2204 591 2245 omnibus
621 2204 841 2245 adtribuas
872 2204 1036 2245 sonitus
1067 2210 1111 2245 et
1142 2204 1297 2246 odores.

199 2274 260 2316 sic
290 2274 421 2315 oculis
452 2274 653 2329 quoniam
684 2288 768 2314 non
800 2274 942 2314 omnia
972 2288 1141 2314 cernere
1172 2274 1353 2329 quimus,

199 2343 304 2384 scire
335 2343 434 2384 110013
465 2342 672 2397 quaedam
705 2347 794 2383 tam
826 2348 1016 2383 constare
1047 2342 1148 2383 orba
1178 2342 1312 2383 colore

199 2426 328 2467 quam
359 2412 448 2453 sine
479 2411 604 2453 odore
634 2412 721 2453 ullo
752 2411 959 2467 quaedam
990 2412 1217 2466 sonituque
1248 2416 1422 2461 remota,

85 2554 178 2592 laryo
200 2562 273 2584 cum
295 2552 366 2583 luce
381 2550 491 2583 which
509 2560 588 2590 may
605 2550 643 2582 be
666 2550 768 2590 right.
900 2551 963 2583 809
987 2551 1078 2582 Scire
1103 2552 1189 2583 licet.
1239 2551 1375 2583 Scilicet
1397 2550 1435 2581 id
1456 2549 1574 2581 Lamb.
1623 2554 1670 2581 est

84 2617 151 2638 om.
168 2605 258 2639 Nico.
407 2606 470 2636 814
485 2607 553 2636 sint
568 2605 642 2638 Ald.
663 2605 679 2636 1
695 2605 716 2636 J
719 2607 790 2637 unt.
810 2606 871 2636 not
888 2605 972 2636 Mar.
997 2605 1049 2636 for
1063 2610 1147 2637 sunt.
1293 2605 1355 2636 815
1372 2615 1451 2645 opus
1468 2615 1532 2636 esse
1549 2605 1670 2636 colores

83 2660 203 2692 Lamb.
220 2660 306 2691 after
321 2658 452 2690 Nonius
468 2659 520 2690 for
536 2661 640 2690 colore
656 2659 693 2690 of
710 2669 790 2691 mss.
804 2669 811 2690 ε
838 2669 892 2690 see
910 2658 1015 2691 Lach.
1189 2659 1251 2690 821
1271 2659 1366 2691 Omne
1382 2668 1481 2698 glenus
1497 2658 1600 2689 Lach.
1617 2658 1669 2689 for

88 2714 292 2753 Omniqmus,
309 2722 347 2744 as
364 2713 437 2745 759.
487 2713 673 2752 Omniqenis
688 2713 779 2745 Nicc.
799 2713 887 2753 vulg.
1043 2713 1106 2745 829
1121 2717 1278 2744 austrum.
1327 2717 1449 2744 ostrum
1463 2711 1556 2744 Wak.
1577 2712 1664 2753 conj.

84 2767 136 2798 for
157 2777 294 2799 aarum:
319 2766 379 2797 but
403 2766 461 2798 the
483 2766 574 2806 right
595 2766 821 2807 punctuation
844 2767 861 2797 I
884 2777 953 2799 owe
976 2768 1011 2798 to
1034 2766 1158 2798 Goebel
1180 2769 1312 2807 quaest.
1335 2767 1434 2798 Lucr.
1459 2766 1534 2798 orit.
1558 2777 1591 2806 p.
1617 2767 1667 2805 14,

83 2821 213 2861 though
236 2821 319 2852 Ven,
342 2820 418 2852 Ald.
444 2821 461 2851 1
483 2820 552 2852 and
573 2821 593 2852 J
596 2823 669 2853 unt.
691 2821 777 2853 have
799 2832 819 2853 a
840 2822 903 2854 full
924 2825 1001 2862 stop
1022 2822 1109 2853 after
1131 2832 1258 2854 aurum.
1308 2832 1413 2853 aurea
1428 2822 1584 2862 Purpura
1600 2821 1668 2853 and

83 2875 146 2906 831
176 2876 337 2906 distracta
367 2874 418 2906 for
448 2876 643 2906 distractum
670 2875 774 2908 Lach.
810 2876 953 2907 without
982 2875 1171 2916 judgment.
1226 2885 1343 2907 aurum
1372 2874 1483 2906 which
1513 2875 1667 2915 previous

82 2927 207 2959 editors
230 2928 340 2959 retain
361 2927 426 2960 has
447 2937 492 2959 no
515 2937 621 2960 sense.
666 2939 729 2960 usu
750 2930 851 2962 Bern.
878 2930 930 2962 for
952 2939 1080 2961 aurum.
1251 2930 1313 2960 831
1336 2930 1538 2969 dispergitur
1559 2929 1662 2963 Lach.
