1997 3267
976 156 1015 198 V
1714 170 1795 213 205

302 265 338 307 si
370 271 516 308 tamen
548 266 714 307 interca
745 265 958 308 mirantur
989 280 1074 322 qua
1105 266 1271 308 ratione

303 349 498 391 quaeque
529 335 620 390 geri
651 335 829 391 possint,
860 334 1112 391 praesertim
1145 335 1272 376 rebus
1303 334 1348 376 in
1379 335 1464 377 illis

302 418 412 460 quae
443 419 598 460 supera
629 410 759 460 caput
790 404 995 445 aetheriis
1026 410 1263 446 cernuntur
1294 404 1338 445 in
1370 405 1464 451 oris,
1741 407 1794 458 85

302 488 448 514 rursus
479 473 524 515 in
555 473 758 529 antiquas
790 473 1038 515 referuntur
1068 473 1295 530 religiones

302 547 348 584 et
378 542 573 584 dominos
603 542 711 584 acris
741 541 999 591 adsciscunt,
1031 542 1174 583 onmia
1205 557 1328 598 posse

302 625 408 666 quos
439 611 582 653 miseri
614 611 808 662 credunt,
839 611 979 667 ignari
1010 611 1113 667 quid
1146 618 1278 667 queat
1309 625 1412 661 esse,

301 679 406 736 quid
436 686 635 736 nequeat,
667 680 793 722 finita
824 686 1015 736 potestas
1046 681 1233 736 denique
1265 680 1420 736 cuique

301 763 488 806 quanam
519 749 577 790 sit
608 749 774 791 ratione
805 754 937 805 atque
969 749 1056 790 alte
1089 749 1300 791 terminus
1333 749 1521 790 haerens,
1742 759 1800 802 90

361 817 487 869 Quod
518 824 726 873 superest,
757 832 811 859 ne
844 823 887 859 te
919 817 962 858 in
996 817 1214 873 promissis
1245 817 1369 873 plura
1400 831 1626 865 moremur,

302 885 514 942 principio
546 886 681 928 maria
711 901 760 928 ac
793 892 928 928 terras
959 886 1211 942 caelumque
1248 893 1393 929 tuere:

303 970 484 1010 quorum
517 961 717 997 naturam
749 956 975 1012 triplicem,
1007 956 1091 998 tria
1122 971 1307 1012 corpora,
1343 957 1535 1007 Memmi,

303 1024 382 1066 tris
413 1024 575 1080 species
607 1031 696 1066 tam
729 1025 960 1074 dissimilis,
994 1026 1077 1066 tria
1109 1025 1213 1067 talia
1244 1032 1376 1075 texta,

304 1108 392 1135 una
422 1093 513 1136 dies
543 1093 667 1136 dabit
699 1093 842 1144 exitio,
875 1095 1120 1150 multosque
1152 1110 1229 1151 per
1259 1110 1392 1137 annos
1742 1104 1795 1148 95

303 1168 550 1205 sustentata
580 1170 678 1206 ruet
710 1165 843 1206 moles
874 1170 919 1206 et
951 1165 1151 1207 machina
1182 1165 1344 1206 mundi.

303 1247 382 1274 nec
414 1248 481 1274 me
513 1233 647 1275 animi
679 1234 789 1275 fallit
821 1249 950 1290 quam
984 1250 1050 1276 res
1082 1250 1192 1276 nova
1223 1235 1416 1291 miraque
1449 1235 1585 1276 monti

302 1302 470 1344 accidat
501 1303 684 1344 exitium
718 1304 825 1345 caeli
858 1311 1082 1360 terraeque
1116 1305 1326 1354 futurum,

304 1377 349 1412 et
380 1385 510 1426 quam
541 1370 713 1414 difficile
745 1372 788 1414 id
821 1373 929 1415 mihi
960 1374 1018 1415 sit
1049 1374 1298 1429 pervincere
1329 1373 1479 1424 dictis;

304 1444 355 1481 ut
386 1439 436 1481 fit
468 1439 544 1481 ubi
575 1440 793 1482 insolitam
826 1457 916 1484 rem
948 1442 1150 1498 adportes
1181 1442 1358 1483 auribus
1388 1448 1489 1483 ante
1721 1451 1802 1483 100

304 1523 382 1550 nec
414 1514 561 1550 tamen
593 1508 702 1551 hanc
734 1510 869 1566 possis
900 1510 1120 1552 oculorum
1152 1510 1333 1553 subdere
1365 1511 1458 1552 visu

303 1591 382 1619 nec
412 1577 549 1620 iacere
580 1577 685 1620 indu
718 1594 881 1629 manus,
914 1580 984 1621 via
1014 1595 1100 1635 qua
1131 1580 1301 1622 munita
1334 1579 1434 1621 fidei

305 1647 499 1704 proxima
530 1647 612 1690 fert
646 1649 883 1691 humanum
915 1649 961 1691 in
992 1656 1144 1705 pectus
1177 1650 1425 1706 templaque
1457 1648 1625 1691 mentis.

305 1717 380 1758 sed
412 1724 559 1759 tamen
591 1717 761 1761 effabor.
823 1718 951 1761 dictis
983 1719 1104 1761 dabit
1135 1720 1229 1775 ipsa
1259 1720 1389 1761 fidem
1420 1734 1487 1762 res

306 1786 483 1828 forsitan
515 1792 560 1828 et
589 1787 780 1843 graviter
811 1794 1023 1830 terrarum
1058 1789 1248 1830 motibus
1279 1789 1385 1830 ortis
1721 1798 1796 1840 105

307 1855 450 1897 omnia
481 1856 752 1912 conquassari
784 1857 828 1898 in
859 1872 990 1913 parvo
1022 1864 1217 1914 tempore
1249 1873 1405 1900 cernes.

307 1925 421 1981 quod
451 1926 597 1981 procul
629 1941 655 1967 a
685 1927 807 1968 nobis
838 1927 985 1969 flectat
1018 1928 1190 1969 fortuna
1220 1928 1479 1984 gubernans,

307 2001 352 2036 et
381 1994 490 2036 ratio
521 1995 667 2051 potius
698 2010 827 2051 quain
858 2011 925 2038 res
956 1997 1213 2052 persuadeat
1245 1997 1340 2053 ipsa

306 2063 523 2106 succidere
555 2064 774 2107 horrisono
805 2080 926 2122 posse
958 2067 1102 2108 omnia
1133 2067 1249 2108 victa
1279 2067 1454 2123 fragore.

366 2133 483 2188 [Qua
512 2134 631 2190 prius
661 2134 888 2191 adgrediar
918 2150 1048 2191 quam
1080 2136 1133 2178 de
1164 2151 1209 2178 re
1242 2136 1419 2178 fundere
1452 2136 1541 2178 fata
1721 2147 1802 2178 110

307 2201 498 2242 sanctius
529 2207 573 2243 et
604 2202 742 2244 multo
773 2209 891 2245 certa
921 2204 1089 2245 ratione
1120 2204 1258 2261 magis
1289 2219 1416 2260 quam

310 2269 469 2326 Pythia
501 2285 610 2326 quae
643 2271 811 2327 tripode
841 2287 867 2313 a
899 2272 1062 2314 Phoebi
1093 2273 1298 2328 lauroque
1329 2272 1533 2328 profatur,

307 2339 447 2381 multa
477 2339 560 2382 tibi
591 2340 817 2396 expediam
849 2341 987 2384 doctis
1018 2342 1176 2384 solacia
1205 2342 1362 2393 dictis;

308 2409 515 2465 religione
545 2410 786 2453 refrenatus
817 2426 871 2454 ne
903 2412 1012 2454 forte
1043 2412 1175 2453 rearis

309 2483 444 2520 terras
475 2484 520 2521 et
551 2479 682 2521 solem
715 2486 759 2521 et
790 2480 969 2530 caelum,
1001 2496 1119 2523 mare
1151 2480 1292 2523 sidera
1323 2481 1482 2530 lunam,
1723 2491 1799 2533 115

309 2562 482 2604 corpore
512 2549 658 2592 divino
688 2550 844 2593 debere
876 2558 1053 2595 aeterna
1083 2567 1269 2602 manere,

308 2622 621 2673 proptereaque
652 2624 781 2674 putes
811 2620 898 2662 ritu
930 2636 1008 2677 par
1039 2635 1130 2663 esse
1162 2621 1402 2678 Gigantum

309 2685 496 2741 pendere
527 2701 598 2728 eos
628 2702 788 2743 poenas
817 2689 984 2732 inmani
1015 2705 1091 2746 pro
1121 2690 1279 2732 scelere
1311 2689 1450 2732 omnis

310 2754 386 2810 qui
416 2754 581 2797 ratione
614 2770 692 2798 sua
722 2757 969 2801 disturbent
1000 2759 1169 2801 moenia
1200 2759 1352 2801 mundi

197 2876 256 2908 the
273 2886 333 2908 use
350 2877 387 2908 of
399 2876 501 2909 Luer.
679 2879 742 2910 114
764 2880 940 2920 Religione
957 2881 1051 2913 Nice.
1068 2881 1144 2914 Ver.
1164 2881 1248 2914 Ven.
1293 2882 1482 2922 Rezliyione
1501 2880 1556 2912 AB
1575 2880 1611 2912 in
1623 2880 1693 2912 this
1708 2881 1805 2922 place

198 2931 291 2972 only,
310 2931 402 2964 Flor.
422 2932 463 2963 31
481 2931 600 2964 Gamb.
617 2932 711 2966 Mon.
816 2934 880 2967 116
895 2945 1025 2968 manere
1041 2935 1137 2968 Junt.
1155 2935 1209 2968 for
1224 2945 1343 2970 meare.
1445 2936 1506 2969 117
1519 2945 1586 2976 par
1602 2935 1689 2967 Mar.
1705 2935 1804 2968 Junt.
