1997 3267
231 245 312 286 242
1014 230 1053 271 V

324 340 682 396 ,noctivagaeque
713 339 826 380 faces
855 338 962 380 caeli
993 338 1276 392 flammaeque
1308 338 1512 390 volantes,

343 409 494 452 nubila
522 409 584 451 sol
614 409 772 450 imbres
801 408 877 449 nix
906 407 1026 449 venti
1056 407 1238 449 fulmina
1267 408 1429 463 grando

345 484 390 521 et
419 477 560 534 rapidi
590 477 789 519 fremitus
819 481 864 518 et
896 491 1117 518 murmura
1146 490 1304 531 magna
1333 476 1557 520 minarum.

403 547 442 590 Ο
473 561 610 604 genus
641 546 790 588 infelix
821 546 1073 594 humanum,
1105 544 1210 586 talia
1240 543 1351 586 divis

344 631 442 658 cum
474 615 630 657 tribuit
662 615 775 656 facta
804 619 936 669 atque
967 613 1051 654 iras
1081 613 1282 654 adiunxit
1312 613 1510 655 acerbas!
1725 623 1830 668 1195

344 690 528 741 quantos
558 690 654 726 tum
685 683 874 739 gemitus
904 682 987 738 ipsi
1017 681 1112 732 sibi,
1143 687 1392 738 quantaque
1422 682 1546 724 nobis

343 753 526 803 volnera,
559 767 665 809 quas
696 751 891 793 lacrimas
921 765 1124 807 peperere
1155 751 1382 792 minoribu’
1413 751 1594 793 nostris!

344 837 423 864 nec
453 822 592 878 pietas
623 821 753 863 ullast
785 820 979 862 velatum
1009 834 1136 875 saepe
1166 819 1303 861 videri

344 891 503 933 vertier
533 891 586 931 ad
618 890 805 945 lapidem
837 894 968 944 atque
999 888 1138 930 omnis
1169 888 1367 930 accedere
1398 888 1453 930 ad
1483 903 1577 931 aras

343 975 424 1003 nec
453 959 730 1016 procumbere
762 957 885 999 humi
915 963 1179 1013 prostratum
1211 962 1256 998 et
1286 956 1473 1013 pandere
1503 957 1668 1013 palmas
1728 968 1839 1000 1200

345 1035 447 1071 ante
477 1028 607 1070 deum
639 1027 818 1069 delubra
848 1040 926 1068 nec
957 1040 1050 1067 aras
1080 1025 1290 1082 sanguine
1321 1025 1460 1067 multo

345 1111 542 1154 spargere
574 1094 902 1152 quadrupedum
933 1109 1011 1136 nec
1042 1094 1153 1136 votis
1184 1099 1354 1136 nectere
1386 1099 1497 1144 vota,

344 1167 417 1209 sed
449 1181 575 1223 mage
606 1170 760 1221 pacata
790 1179 913 1220 posse
944 1163 1088 1205 omnia
1119 1170 1264 1205 mente
1295 1163 1420 1205 tueri.

345 1251 444 1278 nam
476 1250 574 1277 cum
604 1233 861 1289 suspicimus
892 1232 1038 1288 magni
1069 1231 1270 1274 caelestia
1301 1231 1453 1273 mundi

345 1303 519 1359 templa,
550 1316 679 1357 super
708 1301 932 1356 stellisque
963 1300 1224 1341 micantibus
1254 1299 1430 1342 aethera
1459 1300 1606 1351 fixum,
1728 1311 1833 1354 1205

344 1379 389 1415 et
419 1372 539 1414 venit
569 1371 615 1412 in
646 1376 838 1412 mentem
869 1369 967 1411 solis
999 1370 1210 1425 lunaeque
1241 1370 1420 1421 viarum,

344 1448 450 1484 tunc
479 1441 574 1482 aliis
604 1454 805 1496 oppressa
834 1438 959 1480 malis
989 1438 1035 1480 in
1065 1444 1238 1493 pectora
1268 1452 1370 1480 cura

344 1511 419 1553 illa
449 1524 617 1566 quoque
649 1509 998 1565 expergefactum
1030 1513 1161 1563 caput
1192 1507 1354 1564 erigere
1385 1508 1494 1559 infit,

344 1595 510 1637 nequae
541 1581 649 1622 forte
680 1579 810 1621 deum
840 1579 963 1620 nobis
993 1578 1188 1620 inmensa
1217 1584 1408 1634 potestas

344 1650 414 1700 sit,
444 1649 558 1690 vario
590 1653 710 1689 motu
741 1662 850 1703 quae
882 1646 1063 1688 candida
1093 1647 1231 1688 sidera
1262 1653 1413 1688 verset.
1725 1659 1833 1691 1210

345 1723 534 1773 temptat
565 1717 679 1758 enim
711 1716 888 1757 dubiam
919 1721 1110 1757 mentem
1141 1715 1320 1757 rationis
1351 1721 1532 1772 egestas,

347 1801 608 1843 ecquaenam
642 1785 772 1827 fuerit
803 1784 956 1826 mundi
985 1784 1189 1841 genitalis
1219 1785 1347 1841 origo,

346 1862 391 1898 et
422 1855 550 1897 simul
582 1869 742 1910 ecquae
772 1854 829 1895 sit
861 1853 959 1895 finis
990 1853 1131 1910 quoad
1162 1854 1330 1895 moenia
1361 1854 1512 1895 mundi

347 1925 518 1967 solliciti
550 1930 693 1965 motus
725 1924 840 1964 hunc
870 1922 1036 1978 possint
1067 1923 1175 1964 ferre
1207 1922 1406 1974 laborem,

347 2010 401 2037 an
433 1994 644 2036 divinitus
675 1999 851 2034 aeterna
881 1992 1040 2034 donata
1070 1992 1210 2033 salute
1731 2003 1834 2047 1215

348 2070 557 2120 perpetuo
587 2062 754 2118 possint
784 2062 880 2103 aevi
911 2061 1102 2103 labentia
1131 2066 1274 2103 tractu

348 2132 534 2174 inmensi
564 2131 727 2173 validas
758 2131 854 2173 aevi
884 2136 1157 2173 contemnere
1187 2130 1298 2172 viris.

350 2208 574 2258 praeterea
604 2201 674 2242 cui
703 2215 790 2242 non
821 2200 990 2241 animus
1021 2200 1246 2241 formidine
1276 2200 1424 2241 divum

349 2270 631 2319 contrahitur,
661 2269 731 2311 cui
761 2285 847 2311 non
878 2276 1105 2325 correpunt
1136 2270 1329 2312 membra
1357 2285 1523 2326 pavore,

351 2338 543 2382 fulminis
574 2339 767 2380 horribili
798 2354 896 2380 cum
926 2339 1053 2394 plaga
1082 2338 1243 2380 torrida
1273 2339 1401 2380 tellus
1731 2351 1840 2382 1220

351 2408 579 2451 contremit
611 2413 656 2449 et
685 2422 892 2463 magnum
924 2413 1177 2461 percurrunt
1208 2421 1429 2448 murmura
1458 2407 1655 2449 caelum?

351 2493 438 2520 non
468 2477 615 2533 populi
646 2483 882 2533 gentesque
914 2481 1120 2525 tremunt,
1150 2491 1355 2532 regesque
1386 2476 1560 2532 superbi

352 2546 587 2601 corripiunt
617 2545 765 2586 divum
797 2544 986 2600 percussi
1015 2544 1208 2585 membra
1239 2544 1403 2595 timore,

239 2727 395 2769 poetical.
527 2726 610 2758 1192
626 2726 685 2757 sol.
730 2735 783 2756 ros
798 2724 919 2756 Lamb.
1054 2724 1138 2755 1198
1152 2724 1258 2754 ullast
1272 2723 1427 2755 velatum.
1472 2724 1545 2755 ulla
1561 2725 1737 2756 velatumst
1750 2734 1832 2758 mss.

241 2783 309 2815 and
331 2782 401 2814 eds.
419 2781 533 2813 before
557 2781 641 2811 Mar.
662 2779 731 2812 and
753 2779 830 2810 ΑΜ.
853 2780 883 2810 1.
1017 2778 1100 2809 1203
1118 2782 1245 2818 pacata
1267 2777 1365 2809 Junt.
1391 2777 1464 2818 (not
1484 2777 1583 2810 Pont.
1603 2788 1642 2810 or
1662 2778 1761 2822 Mar.)
1785 2779 1840 2812 for

237 2839 395 2878 placata:
426 2845 447 2867 a
473 2844 653 2874 necessary
679 2833 867 2865 correction
893 2831 1006 2864 which
1029 2832 1176 2871 Nauger.
1201 2831 1334 2871 rejects,
1364 2831 1426 2862 but
1451 2830 1572 2863 Lamb.
1599 2831 1653 2864 ed.
1679 2833 1699 2863 2
1726 2832 1796 2865 and
1819 2834 1840 2865 3

241 2889 399 2930 properly
415 2888 547 2928 adopts.
683 2886 766 2919 1207
782 2887 818 2917 in
829 2891 977 2926 pectora.
1022 2886 1059 2916 in
1070 2890 1201 2925 pectore
1217 2884 1293 2915 Ald.
1313 2885 1331 2915 1
1345 2884 1442 2915 Junt.
1460 2885 1617 2917 followed
1633 2885 1677 2926 by
1693 2886 1837 2927 Nauger.

241 2943 362 2975 Lamb.
380 2941 506 2974 Creech
521 2944 584 2972 etc.
600 2942 691 2971 most
708 2939 880 2980 absurdly.
1013 2939 1096 2969 1214
1116 2939 1262 2970 Solliciti
1277 2938 1390 2970 Bentl.
1407 2938 1459 2970 for
1474 2940 1522 2970 Et
1539 2939 1720 2976 taciti:.he
1734 2941 1839 2974 refers

244 3000 278 3028 to
294 3007 307 3028 1
323 2997 386 3028 343
402 2995 470 3027 and
485 3005 520 3026 VI
537 2995 632 3025 1038.
678 2996 724 3025 Et
746 2995 832 3024 tanti
855 3002 918 3024 one
934 2992 1009 3024 Vat.
1031 2992 1103 3024 Ald.
1128 2993 1145 3022 1
1161 2991 1278 3023 Lamb.
1459 2993 1543 3024 1220
1565 2994 1731 3026 Fulminis
1753 2994 1839 3027 Mar.
