1997 3267
231 224 246 252 1
256 223 309 264 34
973 206 1046 247 III

341 316 548 372 quantula
579 315 717 371 prima
748 320 907 371 queant
938 314 1059 356 nobis
1090 314 1248 355 iniecta
1278 313 1388 355 ciere

339 398 510 439 corpora
541 383 762 425 sensiferos
793 388 936 424 motus
966 382 1011 423 in
1042 396 1223 437 corpore,
1255 388 1378 423 tanta

338 451 563 492 intervalla
594 456 739 492 tenere
771 449 943 492 exordia
972 450 1110 505 prima
1139 449 1307 490 animai.
1738 450 1821 503 380

338 536 438 562 nam
469 535 608 575 neque
638 520 826 575 pulveris
856 520 1074 561 interdum
1106 519 1316 560 sentimus
1347 518 1580 560 adhaesum

338 604 508 644 corpore
539 604 616 630 nec
646 587 849 629 membris
879 588 1092 629 incussam
1124 587 1260 628 sidere
1291 591 1463 636 cretam,

337 673 416 699 nec
445 658 647 699 nebulam
678 663 807 698 noctu
837 671 977 711 neque
1007 656 1152 697 aranei
1183 655 1328 697 tenvia
1359 655 1431 696 fila

340 725 465 767 obvia
495 725 716 773 sentimus,
748 724 916 780 quando
947 724 1183 765 obretimur
1213 729 1377 772 euntes,

339 809 417 835 nec
447 808 600 849 supera
631 800 761 849 caput
792 793 983 835 eiusdem
1013 793 1213 834 cecidisse
1244 792 1406 834 vietam
1738 793 1818 846 385

341 868 504 904 vestem
535 877 612 904 nec
643 863 811 918 plumas
842 862 986 903 avium
1017 875 1263 917 papposque
1296 860 1478 902 volantis

339 930 413 986 qui
443 931 577 971 nimia
607 931 783 972 levitate
815 931 974 972 cadunt
1005 931 1257 985 plerumque
1288 929 1512 985 gravatim,

338 1013 416 1040 nec
446 999 635 1054 repentis
666 999 778 1040 itum
809 998 1181 1053 cuiusviscumque
1212 997 1445 1038 animantis

339 1068 548 1109 sentimus
579 1083 656 1111 nec
687 1068 807 1123 priva
838 1068 997 1123 pedum
1029 1067 1210 1121 vestigia
1241 1080 1446 1121 quaeque,

338 1151 509 1192 corpore
541 1152 649 1192 quae
680 1137 725 1178 in
756 1142 899 1178 nostro
930 1137 1086 1178 culices
1118 1142 1162 1177 et
1193 1142 1334 1176 cetera
1364 1141 1542 1191 ponunt.
1740 1145 1825 1189 390

338 1220 473 1260 usque
505 1205 610 1246 adeo
640 1205 758 1260 prius
789 1211 854 1246 est
886 1206 929 1245 in
959 1204 1081 1245 nobis
1112 1204 1250 1244 multa
1281 1203 1492 1254 ciendum,

340 1288 468 1329 quam
500 1274 733 1329 primordia
763 1274 998 1315 sentiscant
1028 1287 1229 1314 concussa
1259 1272 1420 1314 animai

339 1343 503 1384 semina
533 1343 777 1399 corporibus
808 1343 962 1384 nostris
993 1342 1176 1383 inmixta
1205 1356 1280 1396 per
1310 1348 1440 1391 artus,

340 1418 384 1453 et
414 1426 542 1466 quam
574 1412 618 1453 in
650 1412 717 1453 his
747 1412 984 1453 intervallis
1014 1410 1252 1452 tuditantia
1283 1410 1446 1465 possint

338 1494 584 1522 concursare
615 1481 726 1522 coire
757 1486 801 1523 et
830 1481 1055 1522 dissultare
1085 1480 1280 1523 vicissim.
1743 1487 1820 1533 395

399 1550 455 1591 Et
487 1551 624 1606 magis
657 1556 722 1592 est
752 1550 921 1591 animus
953 1549 1058 1590 vitai
1089 1549 1273 1590 claustra
1305 1563 1498 1590 coercens

341 1623 386 1660 et
416 1618 704 1661 dominantior
733 1619 786 1660 ad
819 1619 953 1659 vitam
985 1633 1112 1673 quam
1145 1618 1208 1659 vis
1239 1618 1408 1659 animai.

341 1701 441 1727 nam
472 1687 563 1728 sine
595 1693 740 1729 mente
771 1687 998 1741 animoque
1031 1686 1182 1741 nequit
1213 1687 1396 1728 residere
1427 1701 1502 1742 per
1534 1691 1653 1727 artus

341 1756 544 1810 temporis
575 1756 775 1811 exiguam
806 1761 972 1810 partem
1004 1770 1100 1810 pars
1130 1756 1217 1796 ulla
1249 1755 1420 1804 animai,

342 1822 415 1864 sed
446 1838 584 1865 comes
615 1824 856 1879 insequitur
887 1823 1008 1864 facile
1039 1829 1083 1865 et
1114 1823 1295 1865 discedit
1325 1824 1370 1864 in
1400 1837 1524 1865 auras
1740 1833 1827 1875 400

342 1898 386 1933 et
417 1893 578 1948 gelidos
608 1900 728 1935 artus
758 1894 803 1934 in
833 1893 910 1934 leti
941 1893 1095 1949 frigore
1128 1893 1294 1947 linquit.

342 1966 388 2002 at
418 1967 564 2002 manet
593 1961 639 2002 in
670 1962 760 2002 vita
790 1961 859 2002 cui
889 1975 1010 2002 mens
1039 1960 1292 2016 animusque
1322 1960 1539 2001 remansit.

342 2030 536 2085 quamvis
567 2037 632 2073 est
663 2031 821 2072 circum
853 2031 984 2072 caesis
1015 2031 1126 2072 lacer
1156 2030 1345 2085 undique
1377 2029 1580 2071 membris

343 2104 531 2148 truncus,
562 2099 763 2154 adempta
793 2099 936 2140 anima
967 2099 1125 2140 circum
1157 2098 1445 2154 membrisque
1475 2102 1640 2139 remota

343 2167 449 2208 vivit
480 2173 524 2209 et
554 2168 765 2209 aetherias
795 2168 939 2210 vitalis
970 2168 1147 2223 suscipit
1178 2183 1313 2211 auras.
1739 2176 1821 2220 405

343 2236 379 2277 si
410 2252 494 2277 non
525 2237 791 2287 omnimodis,
821 2244 867 2279 at
897 2253 1053 2293 magna
1082 2244 1203 2292 parte
1235 2236 1395 2278 animai

344 2303 548 2359 privatus,
578 2310 725 2346 tamen
755 2305 802 2346 in
831 2305 922 2347 vita
952 2310 1178 2347 cunctatur
1209 2310 1252 2346 et
1284 2304 1457 2356 haeret3

231 2469 324 2500 Nico.
348 2468 437 2500 Flor.
462 2469 502 2500 31
526 2468 643 2501 Camb.
668 2469 714 2500 all
736 2469 813 2501 Vat.
838 2469 884 2501 all
907 2469 975 2503 eds.
1003 2469 1067 2501 bef.
1091 2469 1210 2501 Lamb.
1236 2471 1266 2507 3,
1292 2469 1360 2502 Gif.
1389 2469 1485 2501 Wak.
1585 2470 1648 2503 378
1671 2469 1740 2502 and
1762 2471 1827 2502 380
1864 2463 1869 2467 ⁸

229 2525 349 2563 prima.
392 2524 493 2563 priva
515 2523 628 2555 Bentl.
653 2523 756 2556 Lach.
784 2524 848 2557 Ed.
875 2525 912 2556 in
935 2524 986 2556 ed.
1012 2525 1054 2557 1:
1077 2525 1139 2556 but
1163 2534 1216 2556 see
1239 2527 1336 2557 notes
1360 2527 1390 2558 2.
1513 2525 1575 2556 383
1599 2526 1716 2557 aranei
1738 2524 1824 2558 Mar.

232 2579 307 2610 ΑΜ.
333 2580 349 2609 1
374 2579 471 2609 Junt.
496 2578 548 2609 for
572 2581 692 2611 arani:
719 2589 772 2610 see
794 2579 901 2611 Lach.
1026 2580 1087 2612 391
1111 2581 1263 2611 ciendum
1286 2581 1411 2612 Avanc.
1437 2580 1489 2611 for
1511 2581 1635 2613 ciendo.
1762 2582 1826 2613 392

233 2634 301 2666 and
317 2634 379 2666 393
396 2633 545 2673 wrongly
560 2634 762 2673 transposed
777 2634 823 2675 by
839 2635 923 2666 Mar.
944 2634 1014 2666 and
1029 2633 1066 2665 in
1083 2634 1129 2665 all
1144 2634 1292 2666 editions
1308 2634 1484 2674 including
1503 2633 1609 2664 Lach.
1631 2633 1732 2665 Bern.
1755 2634 1825 2665 and

233 2688 297 2719 Ed.
314 2688 484 2727 formerly.
552 2688 615 2720 394
631 2689 677 2719 Et
694 2699 792 2728 quam
808 2691 844 2720 in
862 2690 912 2720 his
930 2690 1115 2719 intervallis
1128 2688 1232 2720 Lach.
1251 2689 1385 2728 acutely
1397 2689 1449 2719 for
1461 2690 1508 2719 Et
1524 2688 1659 2728 quantis
1674 2688 1738 2719 int.
1777 2689 1826 2720 Et

234 2753 331 2783 quam
349 2743 536 2773 intervallis
553 2743 656 2773 tantis
674 2743 759 2774 Mar.
777 2743 853 2774 Ald.
873 2744 890 2774 1
908 2744 1004 2774 Junt.
1021 2743 1110 2782 vulg.
1159 2745 1206 2775 Et
1224 2746 1328 2775 tantis
1344 2745 1531 2775 intervallis
1547 2742 1644 2774 Wak.
1762 2742 1827 2774 400

234 2801 264 2828 et
280 2797 421 2828 discedit
435 2795 511 2827 Vat.
532 2796 617 2827 3276
634 2796 718 2827 Mar.
735 2796 810 2828 Ald.
829 2798 846 2827 1
863 2797 958 2828 Junt.
976 2797 1028 2828 for
1043 2798 1213 2829 ediscedit.
1324 2798 1386 2828 403
1403 2799 1526 2829 circum
1540 2796 1629 2828 Flor.
1649 2795 1690 2827 31
1707 2794 1824 2828 Gamb.

234 2857 317 2879 corr.
347 2847 432 2878 Mar.
461 2847 513 2878 for
538 2853 668 2879 cretum.
820 2849 883 2880 404
907 2853 1029 2880 remota
1055 2849 1083 2879 B
1111 2858 1195 2880 corr.
1222 2849 1327 2881 Lach.
1354 2849 1408 2881 for
1429 2854 1530 2880 remot
1553 2848 1593 2885 B,
1618 2852 1758 2879 remotus
1783 2847 1824 2886 A,

233 2901 364 2931 remotis
386 2899 477 2939 vulg.
589 2901 652 2931 405
676 2901 852 2932 aetherias.
900 2902 1009 2932 aerias
1031 2901 1158 2933 Lach.:
1183 2901 1327 2932 without
1351 2911 1419 2941 any
1440 2900 1510 2940 just
1533 2908 1633 2930 cause
1655 2898 1699 2930 he
1721 2898 1826 2931 alters

234 2953 304 2985 this
331 2953 400 2985 and
425 2963 531 2994 many
554 2963 714 2994 passages
741 2955 777 2986 of
801 2954 908 2995 Virgil
931 2955 998 2987 and.
1022 2955 1137 2987 others
1162 2966 1206 2988 on
1231 2956 1290 2988 the
1314 2955 1528 2995 assumption
1552 2954 1630 2986 that
1656 2954 1825 2987 aetheriae
