1997 3267
177 200 254 240 142
922 184 995 226 III

342 293 541 348 Denique
572 306 648 333 cur
677 291 810 333 animi
841 306 1077 346 numquam
1109 305 1228 332 mens
1259 291 1566 346 consiliumque
1683 293 1763 345 615

282 361 478 419 gignitur
507 360 553 401 in
585 360 725 416 capite
757 365 834 401 aut
865 360 1047 415 pedibus
1077 359 1344 408 manibusve,
1377 359 1451 401 sed
1481 360 1580 401 unis

281 430 452 472 sedibus
483 434 527 470 et
558 428 685 470 certis
716 428 962 484 regionibus
993 427 1190 469 omnibus
1222 427 1380 476 haeret,

281 500 317 541 si
345 514 432 540 non
462 503 577 540 certa
607 498 698 539 loca
727 497 781 539 ad
812 497 1071 538 nascendum
1102 495 1270 537 reddita
1301 496 1454 551 cuique

284 572 396 616 sunt,
428 572 472 608 et
503 566 579 608 ubi
609 565 812 621 quicquid
842 566 976 620 possit
1006 565 1158 606 durare
1189 569 1392 614 creatum,

922 638 947 662 ※

283 687 415 737 atque
446 681 508 722 ita
538 680 804 722 multimodis
834 680 1006 735 partitis
1036 679 1215 721 artubus
1246 694 1348 728 esse,
1680 681 1765 722 620

279 750 567 792 membrorum
599 754 648 790 ut
679 763 915 803 numquam
947 748 1105 789 existat
1135 753 1433 803 praeposterus
1463 748 1593 790 ordo?

280 834 416 874 usque
447 818 552 859 adeo
583 817 779 872 sequitur
808 831 875 858 res
905 831 995 858 rem
1026 831 1165 871 neque
1199 816 1371 857 flamma
1401 817 1534 858 creari

279 887 529 930 fluminibus
559 887 727 928 solitast
758 900 897 941 neque
928 885 974 927 in
1005 885 1095 941 igni
1126 885 1294 941 gignier
1323 886 1450 941 algor.

337 957 563 998 Praeterea
593 956 629 997 si
659 955 897 997 inmortalis
927 960 1082 996 natura
1113 954 1313 995 animaist

279 1031 323 1067 et
353 1024 512 1066 sentire
543 1029 687 1080 potest
717 1029 879 1065 secreta
909 1038 934 1064 a
964 1037 1134 1078 corpore
1165 1027 1321 1071 nostro,
1678 1024 1758 1075 625

280 1093 480 1149 quinque,
511 1098 562 1134 ut
593 1092 751 1148 opinor,
783 1106 877 1133 eam
909 1091 1156 1132 faciundum
1188 1096 1253 1131 est
1284 1090 1479 1132 sensibus
1508 1095 1704 1142 auctam3

278 1175 355 1202 nec
385 1160 550 1201 ratione
580 1159 665 1201 alia
694 1165 863 1200 nosmet
892 1173 1125 1214 proponere
1157 1158 1277 1200 nobis

278 1243 502 1284 possumus
533 1228 720 1269 infernas
751 1228 915 1268 animas
946 1227 1193 1268 Acherunte
1226 1226 1381 1282 vagari.

278 1297 461 1353 pictores
492 1297 639 1352 itaque
671 1301 716 1337 et
746 1296 1001 1351 scriptorum
1033 1296 1170 1337 saecla
1200 1295 1341 1350 priora

278 1366 337 1407 sic
366 1365 531 1407 animas
561 1365 674 1406 intro
705 1364 920 1405 duxerunt
952 1364 1144 1405 sensibus
1175 1371 1332 1406 auctas.
1675 1366 1761 1419 630

277 1440 323 1475 at
352 1449 491 1490 neque
522 1448 686 1475 sorsum
718 1434 828 1475 oculi
858 1448 997 1488 neque
1029 1448 1151 1475 nares
1181 1448 1260 1474 nec
1290 1448 1442 1475 manus
1473 1433 1564 1488 ipsa

278 1517 367 1544 esse
397 1508 538 1557 potest
569 1502 737 1544 animae
767 1516 907 1557 neque
937 1516 1101 1543 sorsum
1133 1502 1292 1557 lingua,
1322 1516 1460 1557 neque
1491 1516 1615 1543 aures

277 1571 428 1613 auditu
458 1585 534 1626 per
564 1585 608 1612 se
638 1576 816 1626 possunt
847 1570 1005 1611 sentire
1035 1584 1173 1625 neque
1206 1585 1306 1611 esse.

335 1640 391 1681 Et
422 1638 623 1695 quoniam
655 1643 746 1679 toto
778 1638 988 1679 sentimus
1018 1652 1188 1692 corpore
1219 1639 1355 1679 inesse

277 1709 450 1750 vitalem
483 1722 654 1749 sensum
687 1713 731 1748 et
762 1712 903 1748 totum
936 1721 1025 1748 esse
1056 1706 1240 1747 animale
1270 1706 1476 1757 videmus,
1673 1710 1753 1760 635

276 1778 313 1819 si
343 1777 485 1819 subito
517 1776 707 1818 medium
738 1775 864 1817 celeri
894 1774 1150 1830 praeciderit
1182 1775 1271 1816 ictu

276 1847 339 1888 vis
369 1846 512 1901 aliqua
541 1851 592 1887 ut
623 1860 786 1886 sorsum
817 1852 985 1900 partem
1015 1849 1208 1885 secernat
1238 1850 1478 1899 utramque,

276 1915 503 1970 dispertita
532 1914 677 1970 procul
709 1914 840 1955 dubio
872 1928 1041 1969 quoque
1074 1913 1137 1954 vis
1167 1913 1326 1954 animai

277 1990 321 2026 et
351 1984 525 2025 discissa
555 1983 682 2024 simul
713 1998 811 2024 cum
842 1996 1013 2037 corpore
1045 1981 1295 2023 dissicietur.

276 2058 321 2093 at
352 2051 463 2107 quod
494 2051 704 2092 scinditur
734 2057 778 2092 et
808 2050 943 2106 partis
974 2049 1155 2091 discedit
1186 2049 1231 2090 in
1261 2049 1382 2101 ullas,
1670 2051 1756 2102 640

276 2120 436 2160 scilicet
466 2125 685 2160 aeternam
715 2118 798 2159 sibi
829 2124 1028 2159 naturam
1058 2117 1211 2158 abnuit
1242 2131 1342 2158 esse.

276 2188 481 2229 falciferos
512 2193 750 2229 memorant
779 2201 928 2228 currus
958 2186 1174 2227 abscidere
1206 2186 1398 2228 membra

275 2271 399 2312 saepe
430 2257 493 2298 ita
523 2257 575 2298 de
606 2257 750 2298 subito
780 2256 994 2312 permixta
1024 2255 1151 2296 caede
1182 2255 1371 2304 calentis,

275 2330 324 2365 ut
354 2330 535 2366 tremere
566 2324 611 2365 in
642 2330 755 2365 terra
785 2323 982 2364 Videatur
1012 2323 1065 2364 ab
1095 2323 1274 2364 artubus
1305 2322 1349 2363 id
1382 2323 1494 2378 quod

274 2392 433 2434 decidit
463 2393 687 2442 abscisum,
717 2407 815 2434 cum
844 2406 965 2433 mens
995 2397 1141 2432 tamen
1172 2397 1301 2446 atque
1332 2391 1516 2433 hominis
1547 2391 1610 2433 vis
1668 2393 1748 2444 645

273 2460 512 2502 mobilitate
543 2461 645 2501 mali
674 2475 760 2501 non
790 2460 885 2515 quit
916 2459 1073 2500 sentire
1104 2458 1315 2510 dolorem;

273 2534 317 2570 et
347 2529 477 2570 semel
508 2529 553 2569 in
583 2544 753 2585 pugnae
784 2528 926 2570 studio
957 2528 1068 2583 quod
1099 2528 1244 2569 dedita
1276 2542 1395 2568 mens
1427 2532 1503 2576 est,

163 2608 338 2644 Gauderet,
358 2608 540 2647 praelonga
562 2617 659 2639 senex
682 2612 741 2638 aut
764 2617 888 2639 cornua
911 2617 1034 2638 cervus.
1161 2606 1223 2638 617
1246 2607 1432 2645 regionibus
1457 2606 1604 2637 omnibus
1627 2606 1749 2637 haeret.

159 2661 339 2702 reyionibzffl
358 2662 502 2701 pectoris
526 2662 558 2692 h.
581 2660 685 2692 Lach.
732 2662 872 2692 hominis
894 2670 959 2699 req.
986 2661 1098 2690 haeret
1120 2659 1184 2690 Ed.
1209 2659 1381 2699 formerly.
1571 2659 1665 2690 After
1688 2660 1751 2693 619

160 2726 253 2748 some
268 2725 334 2747 vss.
353 2725 408 2747 are
423 2715 501 2746 lost.
591 2715 653 2747 620
663 2717 804 2756 partitis
820 2715 921 2747 Bern.
938 2715 990 2746 for
1001 2725 1064 2754 pro
1082 2716 1168 2746 toti-5.
1205 2716 1364 2754 perfectis
1379 2713 1485 2745 Lach.
1575 2714 1636 2745 623
1653 2715 1752 2746 solita

160 2780 260 2809 neque
278 2771 402 2808 insiyni
419 2769 487 2800 AB.
536 2770 573 2799 in
588 2770 660 2808 iym·
677 2769 768 2801 Nice„
817 2770 917 2800 solita
934 2773 980 2799 est
996 2768 1086 2799 Flor.
1105 2768 1143 2798 31
1162 2767 1277 2799 Camb.
1299 2767 1398 2797 Pont.
1417 2767 1502 2798 Mar.
1644 2767 1707 2798 624
1721 2769 1753 2799 si

159 2824 354 2854 immortalis
368 2822 461 2853 Nicc.
479 2822 530 2853 for
545 2824 574 2853 si
590 2824 750 2853 mortalis.
908 2822 970 2853 628
985 2823 1104 2861 vayari
1120 2821 1224 2852 Lach.
1242 2821 1293 2852 for
1308 2831 1436 2852 vacare.
1482 2830 1603 2860 vagare
1617 2820 1646 2852 B
1662 2830 1747 2854 corr.

159 2876 278 2907 Lamb.
295 2876 384 2915 vulg.
400 2875 546 2916 perhaps
562 2875 699 2915 rightly.
889 2875 950 2907 632
967 2877 1097 2906 animae
1115 2875 1195 2906 Pius
1210 2875 1298 2913 conj.
1316 2874 1368 2904 for
1383 2876 1505 2905 (mima.
1689 2874 1751 2906 633

162 2930 290 2960 Audita
305 2929 370 2961 Ed.
386 2929 439 2961 for
453 2930 623 2960 Auditum.
668 2929 775 2960 Haud
790 2930 896 2968 iyitur
909 2928 1014 2960 Lach.
1032 2928 1107 2960 who
1122 2928 1202 2959 here
1218 2927 1335 2968 begins
1351 2937 1371 2959 a
1386 2936 1460 2959 new
1476 2929 1643 2960 sentence.
