1997 3267
870 189 919 231 II
1638 208 1711 238 111

227 312 347 353 posse
377 312 404 339 a
433 312 517 339 non
548 311 674 339 sensu
706 311 878 338 sensum
910 296 1217 347 mutabilitate,

226 373 304 408 aut
335 367 477 423 aliquo
509 373 730 422 tamquam
762 371 890 421 partu
922 365 1035 421 quod
1067 365 1261 421 proditus
1292 373 1423 418 extet,

174 483 180 490 ι
230 435 329 477 huic
360 436 463 477 satis
494 435 601 477 illud
634 435 716 476 erit
747 434 923 490 planum
958 435 1094 476 facere
1125 441 1256 490 atque
1287 437 1465 491 probare

227 519 312 545 non
343 504 435 546 fieri
465 509 637 559 partum
669 502 752 543 nisi
782 502 960 544 concilio
990 509 1091 544 ante
1123 509 1268 545 coacto
1630 519 1683 562 93
1693 517 1712 560 5

227 588 305 615 nec
336 573 565 629 quicquam
596 571 851 613 commutari
883 571 974 612 sine
1005 571 1252 614 conciliatu.

228 642 437 698 principio
467 647 690 697 nequeunt
721 640 851 682 ullius
882 642 1066 696 corporis
1098 656 1187 683 esse

229 727 378 754 sensus
409 718 508 753 ante
540 711 678 766 ipsam
709 710 902 766 genitam
934 716 1133 752 naturam
1167 710 1412 763 animantis,

228 782 433 823 nimirum
465 781 565 836 quia
597 779 798 821 materies
828 779 1007 821 disiecta
1039 786 1215 822 tenetur

229 866 325 893 aere
357 850 607 892 fluminibus
638 850 763 891 terris
794 855 994 905 terraque
1026 851 1193 900 creatiS,
1632 865 1720 909 940

229 936 308 963 nec
339 935 562 976 congressa
592 919 718 961 niodo
749 920 892 961 vitalis
925 920 1198 961 convenienti

230 991 414 1033 contulit
445 990 558 1031 inter
588 1004 632 1031 se
665 994 818 1037 motus,
850 989 1006 1045 quibus
1037 991 1331 1032 omnituentes

229 1061 394 1103 accensi
425 1074 575 1102 sensus
605 1059 826 1100 animante
858 1059 903 1099 in
935 1074 1104 1114 quaque
1137 1059 1319 1100 cientur.

287 1130 516 1171 Praeterea
545 1128 740 1184 quamvis
771 1128 1036 1170 animantem
1067 1128 1268 1184 grandior
1298 1129 1420 1178 ictus,

231 1214 359 1256 quam
391 1199 559 1255 patitur
590 1204 757 1248 natura,
788 1203 965 1253 repente
997 1198 1167 1254 adfligit
1198 1205 1242 1240 et
1276 1199 1414 1240 omnis
1633 1209 1717 1254 945

229 1267 414 1323 corporis
444 1274 574 1322 atque
605 1267 739 1308 animi
770 1267 912 1323 pergit
943 1267 1200 1309 confundere
1232 1282 1390 1310 sensus.

230 1336 526 1379 dissoluuntur
556 1336 671 1377 enim
703 1336 919 1391 positurae
950 1336 1257 1392 principiorum

231 1411 276 1447 et
306 1405 482 1461 penitus
513 1410 657 1445 motus
688 1404 841 1446 vitales
872 1405 1166 1460 inpediuntur,

231 1472 364 1514 donec
395 1472 607 1522 materies,
638 1472 776 1514 omnis
807 1487 1009 1514 concussa
1040 1488 1117 1529 per
1147 1479 1279 1523 artus,

232 1541 375 1583 vitalis
405 1542 574 1583 animae
605 1542 737 1583 nodos
767 1558 792 1583 a
823 1557 994 1598 corpore
1025 1543 1152 1584 solvit
1635 1553 1721 1598 950

231 1611 551 1668 dispersamque
583 1611 692 1653 foras
724 1626 800 1667 per
830 1612 973 1653 caulas
1004 1612 1131 1654 eiecit
1163 1612 1311 1654 omnis.

231 1696 332 1722 nam
364 1681 467 1736 quid
498 1685 720 1736 praeterea
751 1681 888 1723 facere
919 1681 1054 1722 ictum
1085 1696 1207 1737 posse
1238 1696 1409 1722 reamur

233 1749 439 1799 oblatum,
470 1749 553 1791 nisi
585 1750 797 1791 discutere
829 1764 877 1790 ac
908 1749 1139 1790 dissolvere
1171 1752 1399 1805 quaeque?

232 1819 284 1860 fit
314 1834 484 1875 quoque
515 1819 583 1860 uti
613 1820 779 1861 soleant
809 1819 952 1860 minus
983 1819 1127 1860 oblato
1158 1819 1312 1860 acriter
1342 1819 1432 1861 ictu

233 1889 389 1945 reliqui
419 1895 562 1930 motus
593 1888 737 1930 vitalis
768 1888 935 1929 vincere
967 1903 1105 1943 saepe,
1635 1899 1716 1943 955

232 1959 412 2008 vincere,
446 1963 491 2000 et
520 1958 711 2014 ingentis
741 1958 893 2013 plagae
924 1957 1070 1998 sedare
1102 1958 1320 1998 tumultus

236 2028 367 2084 inque
399 2042 496 2070 suos
527 2027 731 2083 quicquid
762 2041 908 2068 rursus
937 2041 1133 2068 revocare
1164 2034 1334 2069 meatus

117 2138 224 2178 coepit
246 2136 344 2168 Junt.
385 2140 506 2175 putror
527 2134 648 2165 Lamb.
817 2134 879 2166 932
903 2134 1001 2166 Posse
1024 2145 1046 2165 a
1069 2144 1133 2166 non
1156 2145 1253 2166 sensu
1276 2135 1373 2167 Wak.
1398 2135 1450 2166 for
1473 2136 1573 2168 Posse
1595 2145 1635 2168 ea
1656 2147 1721 2169 non

118 2201 226 2229 sensa,
242 2190 359 2222 rather
381 2189 492 2221 better
512 2188 599 2220 than
619 2189 719 2220 Posse
741 2199 780 2220 ex
797 2188 834 2219 of
854 2188 974 2220 Lamb.
991 2189 1096 2222 Lach.
1122 2192 1186 2221 etc.
1232 2200 1247 2221 e
1265 2190 1363 2224 Pont.
1411 2201 1537 2222 sensum
1551 2193 1720 2223 mutabili-

119 2252 186 2279 tate
202 2245 323 2278 Lamb.
340 2244 392 2277 ed.
412 2246 431 2276 3
447 2244 484 2275 in
501 2245 581 2275 note
597 2243 650 2275 for
665 2253 776 2275 sensus
792 2249 870 2274 mut.
916 2243 1022 2275 Lach.
1039 2244 1142 2284 keeps
1157 2254 1278 2276 sensus.
1432 2247 1494 2278 933
1511 2247 1597 2286 quod
1607 2247 1720 2286 prodi-

121 2306 173 2333 tus
195 2305 284 2332 extet
306 2299 373 2331 Ed.
396 2298 448 2330 for
468 2299 557 2339 quod
568 2299 741 2339 proditum
761 2303 867 2330 extra.
912 2299 999 2339 quod
1010 2301 1168 2339 protinus
1184 2304 1295 2331 eaetent
1310 2299 1416 2331 Lach.
1464 2302 1550 2341 quod
1562 2302 1722 2341 proditur

119 2360 213 2388 extra
229 2354 330 2386 Pont.
347 2353 464 2391 Bern.;
488 2353 551 2384 but
567 2353 626 2384 the
643 2353 753 2384 oratio
770 2353 907 2393 obliqua
922 2353 1072 2393 requires
1089 2353 1148 2385 the
1166 2354 1391 2395 subjunctive.
1572 2355 1636 2387 936
1651 2357 1721 2386 sine

119 2411 316 2442 conciliatu.
360 2410 430 2440 nisi
451 2409 668 2439 conciliatam
684 2408 824 2440 Goebel.
1000 2410 1063 2442 938
1085 2411 1193 2450 ipsam
1208 2409 1298 2442 Flor.
1319 2411 1359 2441 31
1378 2409 1495 2443 Camb.
1515 2411 1616 2442 Pont.
1632 2411 1716 2443 Mar.

119 2463 195 2495 Ald.
213 2464 231 2494 1
248 2464 344 2495 June.
361 2463 416 2494 for
432 2463 543 2494 besam.
687 2463 751 2495 940
768 2468 920 2503 terraque
937 2465 1068 2495 creatis.
1115 2464 1211 2495 Wak.
1229 2463 1294 2496 has
1309 2465 1467 2505 properly
1482 2464 1635 2497 retained
1651 2465 1722 2497 this

119 2517 258 2558 reading
274 2517 311 2549 of
324 2517 370 2549 all
386 2526 469 2549 mss.
506 2518 709 2558 flammaque
725 2520 843 2550 creatis
861 2518 945 2551 Mar.
968 2518 1044 2550 Ald.
1063 2519 1080 2549 1
1098 2518 1196 2550 Junt.
1212 2519 1302 2559 vulg.
1318 2519 1433 2551 before
1449 2519 1546 2552 Wak.
1590 2521 1721 2552 aethra-

120 2582 182 2613 que
204 2573 325 2604 creatis
348 2570 473 2603 Lach.:
497 2570 560 2602 but
581 2571 599 2601 I
624 2571 666 2602 do
691 2573 752 2603 not
777 2572 876 2603 know
891 2572 984 2604 what
1008 2573 1128 2604 aethra
1153 2578 1266 2605 creata
1289 2583 1355 2613 are,
1375 2573 1492 2605 unless
1515 2573 1594 2614 they
1608 2574 1648 2605 be
1662 2573 1722 2606 the

121 2635 215 2658 same
237 2635 276 2657 as
300 2630 390 2657 terra
413 2630 536 2664 creata,
564 2624 623 2656 the
645 2625 783 2657 various
804 2626 967 2666 products
990 2627 1025 2658 of
1047 2626 1106 2658 the
1129 2627 1236 2658 earth.
1428 2628 1490 2660 941
1514 2629 1721 2660 convenienti

120 2679 240 2711 Lamb.
264 2680 318 2711 for
341 2680 569 2711 convenientes
592 2678 705 2710 which
727 2679 833 2711 Lach.
857 2680 1002 2711 retains:
1034 2680 1093 2712 the
1115 2680 1342 2712 termination
1365 2680 1403 2712 of
1425 2682 1487 2714 942
1510 2680 1574 2712 has
1597 2681 1722 2713 caused

120 2734 179 2765 the
200 2733 359 2765 mistake.
574 2733 637 2765 943
660 2735 830 2765 animante
852 2736 890 2766 in
912 2745 1043 2775 quaque
1065 2736 1196 2766 cientur
1218 2735 1320 2775 Hugo
1344 2736 1519 2766 Purmann
1541 2735 1579 2767 in
1600 2736 1722 2768 Jahn’s

121 2788 240 2821 Jahrb.
257 2788 279 2822 f.
304 2787 427 2820 Philol.
455 2788 496 2820 67
519 2798 553 2828 p.
578 2788 640 2821 673
664 2788 716 2820 for
738 2791 942 2821 animantem
965 2800 1127 2831 quamque
1152 2795 1294 2824 tuentur.
1344 2793 1551 2824 animantum
1573 2798 1719 2824 concute-

120 2847 236 2874 rentur
249 2841 357 2873 Lach.
586 2842 649 2874 942
666 2842 767 2873 Bern.
785 2843 883 2874 reads
899 2845 1110 2875 omnicientes
1126 2844 1195 2876 and
1211 2846 1273 2877 943
1289 2845 1391 2885 keeps
1407 2846 1466 2876 the
1481 2854 1545 2878 ms,
1564 2845 1719 2885 reading:

123 2901 256 2929 tuentur
277 2897 307 2928 is
330 2895 423 2936 quite
445 2895 578 2936 foreign
599 2898 636 2928 to
659 2896 718 2928 the
741 2907 839 2929 sense
862 2898 898 2929 of
919 2897 978 2930 the
999 2908 1166 2940 passage3
1190 2899 1258 2931 else
1280 2900 1380 2931 Lucr.
1405 2899 1516 2931 would
1537 2903 1598 2932 not
1621 2900 1721 2932 avoid

122 2951 222 2991 using
242 2951 460 2982 omnituentes
483 2950 553 2982 and
574 2955 710 2983 tuentur
732 2951 896 2993 together.
1103 2953 1166 2986 951
1189 2955 1306 2985 caulas
1328 2953 1358 2985 B
1381 2964 1467 2986 corr.
1489 2954 1580 2986 Flor.
1604 2955 1645 2986 31
1667 2955 1720 2987 for
