1997 3267
225 195 282 236 74
1000 188 1023 229 I

338 306 417 332 nec
447 307 551 347 quos
582 307 775 348 quaeque
806 292 956 335 darent
985 300 1119 336 motus
1143 294 1340 349 pepiyere
1364 295 1562 351 profecto,

338 361 412 402 sed
442 362 544 416 quia
573 363 712 403 multa
741 362 878 404 modis
909 364 1057 405 multis
1088 369 1258 405 mutata
1287 378 1364 419 per
1394 379 1517 406 omne

337 444 389 470 ex
420 429 588 471 infinito
620 436 829 472 vexantur
858 431 1022 486 percita
1051 432 1199 487 plagis,
1711 446 1813 489 1025

338 511 461 538 omne
490 512 626 553 genus
656 505 800 540 motus
829 505 873 541 et
904 506 1050 541 coetus
1081 501 1344 555 experiundo

336 568 512 609 tandem
543 568 777 610 deveniunt
807 569 853 610 in
882 569 982 610 talis
1011 569 1303 625 disposituras,

336 636 534 690 qualibus
564 636 668 677 haec
697 652 839 678 rerum
871 638 1065 679 consistit
1095 653 1263 680 summa
1293 644 1445 689 creata,

337 710 382 746 et
412 705 571 747 multos
601 706 731 747 etiam
764 721 940 762 magnos
971 713 1139 749 servata
1170 723 1246 764 per
1276 724 1407 750 annos

335 778 386 813 ut
416 773 547 814 semel
577 773 622 814 in
653 779 796 815 motus
827 775 1058 817 coniectast
1089 777 1392 826 convenientis,
1708 791 1818 833 1030

335 841 464 883 efficit
494 848 544 883 ut
574 843 703 898 largis
732 844 905 885 avidum
937 859 1052 886 mare
1083 845 1273 886 fluminis
1303 846 1429 887 undis

333 909 551 966 integrent
581 927 726 953 amnes
757 917 802 954 et
831 912 931 954 solis
962 919 1076 955 terra
1107 929 1262 969 vapore

334 979 422 1021 fota
451 986 580 1023 novet
610 982 723 1023 fetus
753 982 1064 1038 summissaque
1093 998 1200 1039 gens
1229 983 1501 1025 animantum

333 1049 482 1091 floreat
513 1056 557 1092 et
587 1051 734 1093 vivant
766 1051 959 1093 labentes
989 1052 1174 1094 aetheris
1205 1052 1354 1108 ignes;

332 1117 445 1172 quod
473 1118 590 1160 nullo
622 1119 808 1161 facerent
838 1125 964 1175 pacto
992 1120 1076 1161 nisi
1105 1121 1302 1162 materiai
1706 1133 1810 1176 1035

330 1199 383 1226 ex
412 1185 580 1228 infinito
610 1187 791 1229 suboriri
820 1188 940 1243 copia
969 1194 1124 1244 posset,

330 1254 443 1296 unde
474 1255 629 1297 amissa
658 1256 796 1297 solent
825 1271 1020 1312 reparare
1050 1257 1096 1298 in
1126 1263 1317 1312 tempore
1348 1273 1554 1314 quaeque.

329 1338 430 1364 nam
461 1324 596 1365 veluti
625 1325 794 1379 privata
824 1325 918 1367 cibo
948 1331 1103 1367 natura
1133 1326 1403 1368 animantum

329 1391 488 1433 diffluit
518 1393 723 1435 amittens
753 1408 914 1449 corpus,
945 1394 1005 1435 sic
1035 1395 1178 1435 omnia
1215 1394 1376 1436 debent

329 1460 503 1502 dissolui
533 1461 660 1503 simul
691 1477 740 1503 ac
769 1462 926 1504 defecit
956 1463 1232 1518 suppeditare
1703 1477 1812 1518 1040

329 1529 531 1571 materies
561 1530 705 1585 aliqua
735 1530 901 1572 ratione
931 1545 1080 1572 aversa
1109 1531 1205 1572 viai.

326 1612 405 1638 nec
435 1598 585 1654 plagae
615 1605 795 1654 possunt
826 1599 1089 1641 extrinsecus
1121 1600 1310 1656 undique
1341 1616 1552 1643 summam

327 1681 571 1709 conservare
603 1683 772 1709 omnem
804 1684 1099 1725 quaecumque
1131 1675 1196 1711 est
1228 1671 1461 1712 conciliata.

327 1735 478 1777 cudere
510 1737 624 1777 enim
655 1737 801 1779 crebro
831 1745 1011 1793 possunt
1042 1745 1294 1795 partemque
1326 1741 1491 1790 morari,

325 1804 427 1845 dum
459 1805 632 1846 veniant
663 1806 771 1848 aliae
802 1821 851 1849 ac
881 1807 1071 1862 suppleri
1101 1822 1270 1850 summa
1300 1815 1494 1864 queatur.
1700 1822 1803 1865 1045

324 1872 540 1914 interdum
571 1874 732 1916 resilire
764 1880 910 1917 tamen
941 1883 1152 1931 coguntur
1182 1883 1226 1919 et
1257 1893 1344 1919 una

323 1942 542 1997 principiis
571 1958 714 1984 rerum
747 1944 937 1999 spatium
969 1951 1226 2002 tempusque
1257 1947 1376 2004 fugai

323 2010 479 2066 largiri,
508 2017 558 2052 ut
589 2012 753 2067 possint
784 2027 810 2054 a
840 2019 966 2055 coetu
998 2014 1133 2056 libera
1163 2016 1273 2058 ferri.

322 2093 450 2134 quare
482 2080 613 2121 etiam
643 2086 774 2135 atque
805 2081 936 2122 etiam
968 2083 1150 2124 suboriri
1180 2085 1319 2126 multa
1347 2091 1571 2136 necessest,

321 2152 366 2188 et
396 2153 541 2189 tamen
571 2153 621 2189 ut
651 2149 802 2204 plagae
833 2164 1002 2205 quoque
1032 2151 1196 2206 possint
1227 2158 1460 2208 suppetere
1491 2154 1620 2209 ipsae,
1696 2165 1805 2208 1050

320 2215 490 2256 infinita
519 2231 624 2271 opus
656 2223 720 2258 est
751 2218 815 2259 vis
845 2218 1036 2274 undique
1067 2220 1274 2262 materiai.

378 2284 493 2325 Illud
523 2285 568 2325 in
598 2285 666 2327 his
694 2286 822 2328 rebus
853 2287 977 2343 longe
1010 2288 1109 2344 fuge
1140 2289 1321 2338 credere,
1354 2290 1543 2340 Memmi,

320 2352 365 2393 in
395 2352 585 2393 medium
615 2368 819 2405 summae,
850 2355 964 2410 quod
994 2356 1155 2406 dicunt,
1186 2357 1328 2398 omnia
1357 2358 1453 2408 niti,

319 2425 449 2475 atque
479 2421 574 2462 ideo
604 2422 755 2463 mundi
784 2429 984 2464 naturam
1015 2430 1126 2466 stare
1156 2425 1248 2466 sine
1279 2425 1378 2466 ullis

319 2488 476 2529 ictibus
506 2489 694 2531 externis
722 2504 863 2545 neque
893 2506 1108 2547 quoquam
1137 2507 1260 2548 posse
1290 2494 1444 2535 resolvi
1693 2509 1797 2551 1055

205 2663 296 2695 what
311 2663 355 2695 he
370 2663 400 2695 is
416 2663 533 2704 taking
547 2664 636 2696 from
654 2665 781 2697 others.
930 2668 1012 2699 1028
1028 2678 1136 2699 rerum
1152 2668 1261 2700 Faber
1276 2669 1345 2700 and
1360 2669 1473 2700 Bentl.
1490 2669 1578 2701 from
1593 2680 1616 2702 v
1632 2671 1694 2704 194
1708 2676 1800 2704 most

204 2716 331 2757 rightly
345 2717 399 2748 for
412 2719 516 2749 rebus.
649 2719 732 2750 1033
747 2721 979 2761 summissaque
995 2721 1095 2752 Pont.
1112 2721 1197 2754 Mar.
1216 2722 1314 2754 Junt.
1331 2722 1382 2753 for
1396 2733 1593 2764 summaque.
1715 2726 1800 2757 1034

204 2772 339 2802 Floreat
353 2771 443 2803 Flor.
464 2772 504 2802 31
522 2771 639 2804 Camb.
656 2775 718 2805 etc.
737 2773 790 2805 for
798 2776 952 2814 floreant.
1089 2776 1173 2807 1040
1188 2778 1338 2808 Dissolui
1355 2776 1449 2808 Nice.
1466 2778 1494 2808 B
1514 2786 1601 2808 corr.
1617 2777 1669 2809 for
1683 2779 1796 2811 Disso-

205 2825 279 2856 luit.
408 2825 490 2856 1041
506 2827 579 2856 viai
594 2825 623 2856 B
640 2835 725 2857 corr.
742 2827 843 2866 vulgo
859 2828 911 2859 for
925 2830 995 2860 via.
1040 2830 1158 2870 viaque
1174 2829 1300 2863 Lach.:
1323 2830 1385 2861 but
1400 2833 1530 2862 ratione
1546 2832 1668 2871 viaque
1684 2832 1798 2872 surely

204 2887 322 2909 means
348 2878 410 2920 ‘by
432 2879 572 2911 method
595 2880 665 2912 and
687 2883 849 2921 system':
882 2892 936 2914 see
959 2882 1028 2914 Cic.
1051 2883 1092 2915 de
1114 2884 1173 2915 fin.
1195 2894 1208 2915 1
1233 2885 1274 2917 29
1295 2890 1334 2916 ut
1356 2886 1484 2916 ratione
1508 2890 1540 2916 et
1561 2887 1621 2916 via
1638 2887 1798 2926 procedat

203 2934 323 2964 oratio.
404 2933 487 2966 1047
502 2934 688 2975 Principiis
703 2934 788 2967 Mar.
805 2935 906 2969 Junt.
920 2936 974 2968 for
984 2938 1200 2977 principium.
1283 2938 1366 2970 1061
1382 2940 1430 2969 Et
1444 2940 1560 2970 simili.
1577 2939 1681 2970 Lach.
1698 2939 1798 2972 reads
