1997 3267
884 195 923 235 V
1624 211 1702 252 233

229 301 524 357 nympharum,
555 301 711 357 quibus
741 316 764 343 e
795 302 961 343 scibant
990 302 1139 342 umori’
1170 302 1333 344 fluenta

228 369 390 411 lubrica
419 370 610 425 proluvie
640 370 757 425 larga
787 369 926 411 lavere
957 369 1103 410 umida
1133 384 1247 420 saxa,
1621 386 1706 427 950

230 437 376 479 umida
405 452 516 487 saxa,
547 452 674 493 super
703 438 829 479 viridi
860 437 1069 479 stillantia
1098 453 1253 488 musco,

228 511 271 547 et
301 505 458 562 partim
488 506 614 560 plano
645 510 805 547 scatere
836 511 966 560 atque
997 520 1217 561 erumpere
1248 521 1406 562 campo.

228 574 409 614 necdum
439 587 505 614 res
535 573 625 627 igni
655 572 820 614 scibant
852 577 1034 614 tractare
1066 587 1203 627 neque
1234 573 1300 614 uti

227 642 410 697 pellibus
440 646 484 682 et
515 641 659 696 spoliis
689 655 838 695 corpus
868 640 1024 681 vestire
1056 641 1252 690 ferarum,

227 710 300 751 sed
330 724 503 751 nemora
532 715 662 764 atque
693 724 815 750 cavos
846 710 1003 750 montis
1033 709 1245 764 silvasque
1276 710 1471 752 colebant
1617 721 1697 763 955

227 783 270 819 et
300 778 475 819 frutices
505 777 618 819 inter
648 777 887 818 condebant
918 777 1111 832 squalida
1140 778 1332 819 membra

227 847 402 888 verbera
434 852 658 888 ventorum
691 846 825 888 vitare
856 846 1089 902 imbrisque
1120 847 1263 888 coacti.

225 929 303 956 nec
333 929 556 956 commune
587 915 746 956 bonum
777 920 976 970 poterant
1005 920 1197 970 spectare
1228 930 1365 971 neque
1397 915 1494 957 ullis

226 983 412 1025 moribus
442 984 554 1024 inter
584 997 628 1024 se
659 983 825 1024 scibant
855 997 932 1024 nec
963 983 1129 1039 legibus
1159 983 1235 1026 uti.

225 1051 338 1107 quod
369 1050 522 1106 cuique
554 1051 769 1092 obtulerat
800 1051 981 1106 praedae
1013 1052 1193 1101 fortuna,
1224 1052 1387 1093 ferebat
1618 1053 1702 1103 960

224 1125 374 1175 sponte
405 1134 482 1161 sua
512 1119 593 1161 sibi
624 1119 802 1174 quisque
835 1120 972 1161 valere
1003 1126 1048 1161 et
1079 1120 1219 1162 vivere
1250 1120 1412 1163 doctus.

225 1194 269 1230 et
300 1189 446 1230 Venus
475 1188 521 1229 in
552 1188 668 1229 silvis
698 1188 904 1244 iungebat
934 1203 1106 1244 corpora
1136 1195 1381 1241 amantum3

224 1256 476 1297 conciliabat
506 1256 620 1297 enim
652 1256 718 1298 vel
748 1262 901 1298 mutua
931 1272 1144 1313 quamque
1175 1258 1328 1313 cupido

223 1325 291 1366 vel
322 1324 509 1366 violenta
539 1324 619 1365 viri
649 1324 712 1366 vis
742 1330 873 1380 atque
904 1325 1083 1380 inpensa
1114 1326 1245 1368 libido

224 1392 290 1434 vel
321 1393 518 1448 pretium,
549 1392 724 1448 glandes
754 1400 884 1448 atque
914 1394 1054 1436 arbita
1084 1395 1150 1436 vel
1180 1395 1273 1450 pira
1303 1395 1422 1437 lecta.
1613 1397 1693 1448 963

223 1466 268 1503 et
298 1475 504 1502 manuum
535 1461 644 1502 mira
674 1461 773 1502 freti
804 1462 965 1503 virtute
996 1462 1239 1518 pedumque

223 1529 577 1571 consectabantur
607 1529 819 1571 silvestria
849 1530 986 1571 saecla
1016 1530 1200 1571 ferarum

108 1607 188 1650 975
225 1597 453 1638 missilibus
482 1597 595 1639 saxis
625 1603 670 1639 et
701 1613 854 1654 magno
885 1598 1070 1653 pondere
1101 1599 1268 1650 clavae;

108 1668 191 1718 968
223 1666 443 1721 multaque
475 1666 714 1715 vincebant,
746 1666 942 1707 vitabant
972 1681 1108 1721 pauca
1139 1667 1339 1718 latebris3

222 1734 528 1790 saetigerisque
558 1749 679 1790 pares
710 1735 833 1776 subu'
863 1736 922 1778 sic
952 1735 1161 1777 silvestria
1191 1736 1383 1778 membra
1616 1749 1701 1790 970

221 1804 337 1845 nuda
367 1804 530 1845 dabant
561 1809 699 1845 terrae
731 1810 936 1845 nocturno
968 1810 1158 1859 tempore
1188 1805 1315 1860 capti,

222 1873 381 1914 circum
411 1887 455 1913 se
486 1872 597 1913 foliis
627 1887 675 1913 ac
706 1873 925 1914 frondibus
955 1873 1229 1915 involventes.

222 1955 299 1982 nec
329 1941 530 1997 plangore
561 1940 675 1981 diem
706 1955 861 1996 magno
892 1941 1108 1997 solemque
1138 1956 1214 1997 per
1243 1957 1367 1999 agros

223 2009 484 2065 quaerebant
513 2009 657 2065 pavidi
687 2009 882 2065 palantes
912 2010 1048 2051 noctis
1078 2010 1122 2052 in
1154 2011 1326 2061 umbris,

107 2180 160 2212 for
174 2190 207 2212 η.
224 2181 317 2219 vagyis
332 2190 356 2212 s.
399 2180 567 2219 noetivayi
583 2179 729 2218 Nauger.
748 2179 820 2221 (not
837 2179 857 2210 J
860 2182 950 2220 unt.)
968 2181 1057 2221 vulg.
1098 2186 1189 2213 nocte
1205 2182 1284 2221 vayi
1300 2181 1412 2214 Bentl.
1500 2183 1562 2216 949
1579 2185 1698 2224 quibus

106 2235 251 2265 esc-ibant
262 2233 320 2263 AB
339 2232 413 2263 Vat.
432 2232 515 2264 1706
530 2231 611 2271 Reg.
629 2232 650 2272 (6
664 2232 735 2264 Nic.
756 2232 892 2264 Heinsii
903 2234 936 2272 ’).
976 2234 1091 2273 quibas
1108 2244 1123 2265 e
1139 2235 1267 2266 scibant
1282 2234 1385 2266 Lach.
1400 2234 1475 2266 first
1491 2236 1578 2267 after
1593 2236 1697 2267 them.

106 2289 272 2320 aestibant
294 2286 386 2318 Nice.
432 2287 585 2318 excibant
608 2286 726 2318 Camb.
750 2286 848 2319 Pont.
897 2289 1032 2319 exibant
1055 2288 1144 2320 Flor.
1163 2290 1214 2320 31.
1260 2290 1377 2321 umori'
1393 2289 1506 2322 Bentl.
1523 2291 1628 2322 Lach.
1646 2291 1699 2323 for

105 2351 225 2373 umore.
272 2341 334 2372 962
350 2341 508 2380 iunyebat
524 2339 615 2371 Nice.
637 2340 688 2371 for
705 2341 845 2380 luqebat.
893 2343 1023 2380 lugebat
1040 2341 1223 2384 (iungebat)
1241 2342 1315 2375 Ver.
1337 2342 1418 2375 Ven.
1525 2344 1588 2376 968
1606 2345 1694 2386 (975)

106 2397 179 2428 first
201 2395 346 2435 brought
362 2397 397 2427 to
413 2394 483 2426 this
498 2394 593 2435 place
608 2394 652 2434 by
668 2395 813 2434 Nauger.
831 2398 892 2427 not
908 2396 1034 2426 Avanc.
1052 2396 1126 2427 who
1149 2396 1216 2427 like
1238 2396 1321 2428 Mar.
1341 2396 1410 2428 and
1426 2396 1521 2430 Junt.
1541 2397 1654 2437 places
1671 2399 1697 2429 it

106 2451 191 2482 after
207 2450 280 2483 961.
426 2449 488 2482 970
504 2449 595 2480 subu’
611 2450 658 2480 sic
674 2450 843 2481 silvestria
858 2450 923 2483 Ed.
943 2450 994 2481 for
1010 2452 1107 2482 subus
1123 2452 1308 2484 silvestria:
1332 2454 1380 2483 sic
1396 2452 1496 2483 could
1512 2453 1617 2493 easily
1633 2453 1695 2484 fall

107 2508 167 2537 out
183 2506 220 2536 in
234 2504 304 2535 this
319 2503 480 2544 position.
525 2505 638 2535 suibus
654 2503 771 2535 Camb.
789 2504 864 2535 Ver.
882 2504 966 2535 Ven.
984 2505 1092 2545 vulg.;
1117 2505 1177 2537 but
1193 2506 1294 2537 Lucr.
1311 2516 1388 2538 uses
1409 2509 1508 2538 sabas
1531 2507 1567 2537 in
1583 2517 1619 2538 VI
1635 2509 1698 2540 974

106 2561 188 2593 977:
209 2559 290 2591 Luc.
318 2558 461 2590 Mueller
483 2557 523 2589 de
545 2567 580 2588 re
603 2559 700 2590 metr.
726 2567 758 2597 p.
787 2558 850 2589 350
873 2557 1011 2589 defends
1034 2559 1144 2596 sabas,
1169 2559 1258 2590 from
1281 2559 1388 2591 Varro
1410 2561 1556 2592 Eumen.
1582 2562 1622 2591 22
1644 2563 1698 2592 An

105 2614 256 2645 colubrae
273 2623 317 2643 an
333 2613 446 2643 volvae
463 2611 502 2642 de
519 2612 638 2642 Albuci
654 2611 750 2641 subus
766 2612 915 2642 Athenis.
954 2611 1058 2642 Lach.
1072 2611 1165 2643 deals
1181 2612 1263 2643 with
1280 2612 1348 2643 this
1365 2622 1504 2653 passage
1521 2613 1556 2644 in
1572 2624 1592 2645 a
1608 2617 1699 2645 most

106 2667 274 2706 arbitrary
290 2675 378 2704 way:
403 2665 446 2696 he
462 2664 560 2705 splits
577 2665 639 2697 970
657 2664 745 2706 (969)
763 2664 837 2696 into
853 2667 918 2696 two
935 2675 1055 2703 verses,
1074 2675 1237 2706 supposes
1259 2666 1317 2697 the
1333 2666 1399 2697 end
1415 2667 1451 2698 of
1472 2676 1536 2698 one
1556 2667 1624 2698 and
1641 2667 1699 2700 the

106 2720 290 2759 beginning
306 2720 343 2750 of
363 2719 422 2751 the
442 2719 540 2750 other
561 2722 596 2750 to
612 2719 652 2750 be
667 2719 733 2750 lost
750 2719 818 2750 and
832 2719 955 2750 inserts
972 2720 1033 2752 968
1058 2719 1144 2761 (975)
1164 2720 1311 2751 between
1328 2721 1439 2751 them:
1464 2720 1544 2751 thus
1560 2722 1595 2752 S.
1618 2732 1652 2761 p.
1669 2732 1694 2754 3.

106 2775 296 2814 [ardorique
321 2773 460 2812 leonum]
483 2773 532 2803 M.
549 2782 575 2803 s.
592 2782 620 2804 e.
637 2782 676 2803 m.
688 2783 725 2812 p.
742 2782 767 2804 c.
789 2773 885 2813 [Inde
901 2775 992 2804 cavis
1009 2777 1125 2804 temere
1142 2774 1278 2813 abiecti]
1294 2783 1319 2804 s,
1336 2783 1377 2804 m.
1391 2785 1398 2805 :
1422 2783 1441 2804 a
1457 2783 1549 2804 more
1571 2783 1696 2805 uncon-

106 2828 244 2867 vincing
265 2829 345 2859 note
366 2827 451 2858 than
471 2826 526 2857 his
547 2827 564 2857 I
587 2836 687 2858 never
706 2826 796 2864 read,
819 2837 857 2858 or
877 2837 972 2859 more
993 2827 1193 2868 sophistical
1215 2828 1400 2868 objections
1423 2831 1458 2859 to
1481 2827 1539 2859 the
1562 2833 1697 2868 present

106 2884 188 2914 text.
299 2882 361 2915 971
377 2881 476 2912 Nuda
494 2881 618 2912 dabant
633 2880 753 2912 Lamb.
771 2881 822 2912 ed.
840 2882 859 2912 3
876 2881 952 2912 first
969 2881 1020 2913 for
1035 2882 1218 2913 Nudabant
1233 2881 1345 2912 which
1361 2881 1456 2912 Wak.
1477 2880 1696 2923 indignantly

104 2939 262 2973 restores,
275 2935 415 2976 making
430 2935 525 2967 these
541 2935 661 2976 simple
678 2945 758 2967 sons
776 2936 812 2967 of
825 2936 922 2968 earth
938 2936 1098 2968 unclothe
1110 2936 1199 2968 their
1215 2936 1324 2967 naked
1339 2935 1440 2967 limbs
1456 2935 1525 2967 and
1539 2935 1625 2968 rival
1640 2936 1698 2969 the
