1997 3267
946 207 986 248 V
1684 224 1763 264 225

340 314 463 355 Luna
492 318 635 368 potest
665 312 764 354 solis
794 312 924 354 radiis
954 328 1154 369 percussa
1183 314 1320 356 nitere
1683 328 1762 371 705

280 381 411 437 inque
442 381 533 423 dies
563 381 699 438 magis
728 381 776 423 id
807 381 952 423 lumen
982 387 1227 424 convertere
1258 383 1381 425 nobis

280 449 335 491 ad
366 449 562 505 speciem,
593 455 804 504 quantum
835 449 935 491 solis
965 450 1126 491 secedit
1157 450 1212 491 ab
1243 450 1345 500 orbi,

281 517 466 574 donique
497 533 595 560 eum
627 523 775 559 contra
805 518 931 572 pleno
962 518 1071 560 bene
1103 518 1265 560 lumine
1297 519 1416 561 fulsit

281 591 412 641 atque
443 586 581 627 oriens
611 586 753 627 obitus
784 586 876 627 eius
907 600 1034 641 super
1065 586 1182 628 edita
1213 586 1346 638 vidit;

280 656 380 698 inde
411 656 660 698 minutatim
692 661 804 697 retro
835 656 955 711 quasi
986 656 1166 698 condere
1198 657 1344 698 lumen
1682 670 1766 712 710

281 726 411 768 debet
441 726 558 775 item,
589 732 749 781 quanto
779 725 954 781 propius
984 725 1070 766 iam
1101 725 1199 766 solis
1229 725 1285 767 ad
1314 726 1459 782 ignem

282 794 442 836 labitur
472 810 523 836 ex
553 794 637 835 alia
666 794 884 850 signorum
915 799 1038 848 parte
1069 808 1145 849 per
1175 795 1344 846 orbem3

281 869 332 906 ut
362 864 536 915 faciunt,
568 864 713 904 lunam
744 863 818 919 qui
849 863 1020 919 fingunt
1051 878 1141 905 esse
1172 864 1275 919 pilai

281 932 543 974 consimilem
575 947 805 987 cursusque
836 932 949 973 viam
980 933 1059 974 sub
1089 933 1176 974 sole
1207 938 1364 976 tenere.

281 1006 347 1044 cst
377 1002 507 1043 etiam
540 1016 669 1056 quare
700 1001 868 1057 proprio
899 1016 996 1042 cum
1028 1001 1190 1043 lumine
1220 1001 1355 1057 possit
1681 1013 1760 1056 715

282 1070 442 1112 volvier
471 1075 515 1111 et
549 1070 683 1111 varias
713 1069 948 1125 splendoris
979 1070 1153 1111 reddere
1186 1070 1349 1111 formas.

282 1153 434 1194 corpus
464 1138 577 1180 enim
609 1138 708 1180 licet
739 1153 830 1180 esse
861 1138 979 1180 aliud
1009 1139 1122 1192 quod
1154 1139 1288 1180 fertur
1318 1144 1363 1181 et
1395 1155 1480 1182 una

284 1208 444 1249 labitur
473 1207 727 1250 omnimodis
758 1222 981 1249 occursans
1011 1208 1283 1263 officiensque

283 1291 361 1318 nec
391 1277 504 1332 potis
535 1282 600 1318 est
631 1276 759 1326 cerni,
791 1276 894 1331 quia
923 1291 1089 1318 cassum
1121 1277 1283 1318 lumine
1315 1277 1458 1320 fertur.

282 1344 524 1400 versarique
555 1349 710 1400 potest,
739 1344 891 1400 globus
924 1350 983 1394 ut,
1015 1345 1048 1385 si
1081 1344 1200 1394 forte,
1231 1345 1335 1400 pilai
1680 1357 1766 1399 720

282 1413 461 1455 dimidia
491 1428 542 1454 ex
573 1413 686 1469 parti
718 1413 918 1455 candenti
949 1413 1110 1455 lumine
1141 1413 1314 1462 tinctus,

282 1482 571 1538 versandoque
602 1483 777 1540 globum
808 1483 1013 1524 variantis
1044 1482 1168 1524 edere
1199 1484 1364 1532 formas,

281 1550 467 1606 donique
498 1565 592 1592 eam
623 1557 802 1606 partem,
833 1566 1127 1607 quaecumque
1158 1557 1224 1593 est
1254 1552 1426 1608 ignibus
1455 1559 1592 1603 aucta,

282 1617 336 1659 ad
368 1616 551 1673 speciem
583 1617 714 1658 vertit
745 1617 867 1658 nobis
897 1617 1122 1672 oculosque
1152 1618 1369 1672 patentis;

282 1685 383 1726 inde
413 1684 664 1726 minutatim
694 1691 807 1727 retro
838 1690 1090 1740 contorquet
1121 1690 1166 1726 et
1195 1686 1336 1727 aufert
1681 1695 1760 1738 725

284 1753 501 1794 luciferam
537 1759 704 1808 partem
734 1753 1052 1809 glomeraminis
1082 1758 1212 1808 atque
1242 1753 1370 1809 pilai;

284 1828 335 1863 ut
365 1822 625 1877 Babylonica
656 1822 921 1864 Chaldaeum
952 1822 1144 1863 doctrina
1173 1822 1363 1864 refutans

284 1891 590 1947 astrologorum
622 1897 760 1932 artem
791 1896 938 1932 contra
967 1891 1214 1933 convincere
1244 1892 1397 1941 tendit,

285 1958 461 2013 proinde
491 1960 613 2014 quasi
643 1959 687 2000 id
718 1959 810 2000 fieri
840 1964 1027 2014 nequeat
1057 1959 1170 2014 quod
1200 1966 1367 2016 pugnat
1398 1966 1578 2016 uterque

284 2035 361 2070 aut
392 2029 534 2069 minus
565 2028 642 2069 hoc
672 2028 744 2069 illo
775 2028 832 2069 sit
862 2043 937 2069 cur
966 2028 1216 2082 amplectier
1245 2029 1367 2070 ausis.
1679 2040 1765 2082 730

285 2097 469 2152 denique
500 2112 574 2138 cur
605 2102 791 2152 nequeat
821 2111 988 2152 semper
1018 2111 1128 2138 nova
1158 2097 1260 2138 luna
1289 2097 1421 2139 creari

284 2166 431 2208 ordine
462 2167 691 2207 formarum
722 2172 837 2208 certo
867 2167 1078 2222 certisque
1108 2166 1258 2223 figuris

285 2234 415 2291 inque
445 2235 535 2276 dies
564 2236 705 2290 privos
735 2235 914 2276 aborisci
945 2250 1139 2291 quaeque
1169 2240 1312 2277 creata

171 2375 275 2406 refers
297 2377 333 2405 to
356 2374 537 2411 660-665,
562 2373 631 2405 and
653 2373 729 2405 that
753 2384 773 2406 a
795 2383 889 2405 verse
911 2373 940 2405 is
961 2374 1029 2405 lost
1052 2373 1137 2405 such
1160 2383 1197 2405 as
1220 2373 1301 2414 this,
1330 2375 1397 2414 Qui
1419 2376 1558 2416 faciunt
1579 2377 1658 2407 solis
1680 2386 1765 2408 nova

170 2439 292 2470 semper
310 2430 437 2459 lumina
458 2429 552 2468 91‘9722'
569 2441 576 2460 :
600 2427 764 2468 probably
779 2427 824 2459 its
845 2427 1075 2459 resemblance
1098 2431 1132 2459 to
1149 2429 1211 2461 703
1232 2428 1355 2460 caused
1371 2429 1416 2460 its
1437 2429 1610 2461 omission.
1658 2429 1764 2461 Lach.

170 2483 342 2523 strangely
365 2492 527 2523 supposes
551 2482 609 2514 the
632 2485 789 2514 sentence
812 2483 978 2523 complete
1004 2482 1073 2514 and
1094 2482 1186 2522 joins
1209 2483 1272 2516 704
1294 2483 1377 2514 with
1400 2484 1473 2523 703,
1500 2494 1538 2515 as
1560 2483 1587 2514 if
1609 2484 1766 2524 anybody

170 2537 271 2569 could
294 2547 369 2568 ever
392 2537 480 2575 deny
496 2537 573 2568 that
596 2536 654 2567 the
679 2546 744 2567 sun
767 2546 842 2567 rose
864 2536 902 2567 in
925 2546 945 2567 a
967 2535 1097 2568 certain
1121 2539 1278 2576 quarter:
1303 2538 1365 2569 704
1388 2536 1500 2569 which
1522 2537 1566 2578 by
1588 2537 1682 2570 itself
1701 2538 1765 2570 has

170 2601 215 2623 no
230 2591 390 2630 meaning
405 2600 473 2622 was
488 2590 607 2631 placed
622 2591 709 2622 after
725 2591 788 2623 714
804 2590 847 2630 by
862 2591 1009 2630 Nauger.
1026 2590 1181 2622 followed
1197 2590 1239 2630 by
1255 2590 1302 2622 all
1318 2591 1430 2623 before
1445 2591 1550 2623 Lach.
1702 2593 1764 2625 705

165 2656 322 2687 percussa
339 2645 428 2678 Flor.
451 2647 490 2677 31
508 2646 625 2677 Camb.
642 2645 754 2677 before
769 2645 891 2678 Lamb.
910 2646 962 2677 for
976 2647 1138 2686 perculsa.
1285 2646 1348 2679 706
1364 2647 1468 2686 mayis
1486 2647 1521 2677 id
1537 2647 1644 2678 lamen
1658 2645 1763 2678 Lach.

171 2700 222 2731 for
243 2701 349 2739 magis
373 2700 491 2731 lumen.
537 2702 642 2740 magis
667 2701 724 2731 hoc
748 2699 839 2730 Flor.
864 2700 914 2732 31.
964 2701 1070 2731 maius
1093 2699 1177 2731 Mar.
1205 2698 1279 2731 Ald.
1301 2700 1318 2730 1
1335 2700 1431 2731 Junt.
1455 2700 1546 2739 vulg.
1590 2701 1708 2740 magis:
1733 2706 1764 2732 et

172 2756 279 2786 lumen
301 2754 400 2786 Pont.
424 2754 569 2793 Nauger.
736 2754 798 2786 708
822 2755 884 2787 723
907 2755 1072 2794 Donique.
1117 2755 1282 2785 Donicum
1303 2754 1423 2786 Lamb.
1449 2755 1601 2794 wrongly
1622 2754 1659 2786 in
1682 2755 1764 2787 both

170 2809 294 2848 places.
485 2808 546 2840 711
564 2809 632 2839 iam
649 2808 734 2839 Mar.
751 2808 826 2839 Ald.
845 2808 862 2838 1
880 2808 976 2840 Junt.
994 2809 1046 2839 for
1062 2812 1140 2839 tam.
1338 2809 1402 2841 720
1416 2813 1463 2848 ut,
1483 2810 1513 2840 si
1521 2810 1622 2849 forte.
1667 2814 1705 2840 ut
1720 2811 1764 2840 sit

164 2863 255 2903 forte
270 2861 376 2894 Lach.
394 2862 480 2893 after
496 2862 524 2894 J.
545 2862 662 2893 Dousa
677 2862 724 2892 fil.
743 2865 750 2879 ⁴
763 2862 837 2893 sine
858 2863 929 2894 ulla
945 2871 1048 2893 causa
1063 2864 1096 2893 et
1112 2871 1190 2892 cum
1206 2861 1372 2894 orationis
1395 2862 1647 2902 sententiaeque
1663 2862 1763 2895 detri-

171 2918 287 2948 mento
300 2917 307 2931 '
323 2927 400 2957 says
416 2917 550 2956 Madvig
566 2916 698 2948 emend.
715 2916 787 2948 Liv.
807 2926 842 2956 p.
860 2917 932 2950 123.
1089 2917 1151 2950 727
1167 2917 1377 2957 Babylonica
1392 2916 1482 2947 Flor.
1500 2917 1539 2948 31
1556 2917 1657 2948 Pont.
1676 2918 1760 2951 Mar.

172 2971 224 3002 for
244 2972 462 3012 Babylonisa.
509 2972 711 3003 Chaldaeum
728 2970 856 3002 Avanc.
875 2971 1056 3002 Ohaldeum
1077 2970 1148 3002 AB.
1195 2971 1376 3003 Chaldeam
1398 2970 1427 3001 A
1449 2980 1534 3002 corr.
1552 2970 1644 3003 Nice.
1670 2971 1758 3004 Flor.

288 3035 331 3066 M.
1596 3028 1648 3068 15
