1997 3267
244 237 321 288 148
1001 233 1072 273 III

352 346 428 382 aut
458 340 594 397 magis
625 340 738 381 inter
767 354 811 381 se
842 338 1104 380 disiunctum
1134 338 1509 393 discrepitansque,

353 424 481 464 quam
513 409 692 450 mortale
725 408 838 463 quod
870 413 934 449 est
964 408 1181 448 inmortali
1212 412 1342 462 atque
1373 406 1550 462 perenni

352 479 548 520 iunctum
579 479 624 520 ’m
655 478 830 520 concilio
862 492 1006 518 saevas
1037 478 1217 518 tolerare
1248 476 1483 531 procellas?
1747 478 1825 527 805

353 549 466 604 quod
497 548 533 589 si
564 548 672 588 forte
702 547 797 588 ideo
827 545 964 602 magis
994 545 1245 586 immortalis
1276 544 1524 593 habendast‚
1748 546 1832 597 819

353 617 465 672 quod
496 616 696 658 letalibus
726 615 780 656 ab
811 615 937 655 rebus
967 614 1136 655 munita
1165 619 1349 661 tenetur,

353 690 429 725 aut
461 684 562 739 quia
592 698 676 724 non
708 683 887 724 veniunt
918 681 1089 722 omnino
1120 681 1259 722 aliena
1289 681 1439 721 salutis

353 760 429 794 aut
461 753 561 808 quia
591 767 699 807 quae
730 751 910 793 veniunt
941 751 1085 805 aliqua
1114 750 1277 791 ratione
1308 749 1513 791 recedunt

352 823 475 877 pulsa
503 821 621 876 prius
653 835 779 876 quam
812 820 915 875 quid
945 825 1125 861 noceant
1156 820 1315 860 sentire
1346 833 1563 874 queamUS,

353 965 521 1015 praeter
551 959 664 1001 enim
697 973 825 1014 quam
857 957 969 1012 quod
1000 957 1157 998 morbis
1188 972 1285 997 cum
1316 957 1499 1011 corporis
1529 962 1687 1013 aegret,

352 1026 528 1067 advenit
558 1026 602 1067 id
633 1026 746 1081 quod
777 1040 867 1066 eam
902 1025 954 1066 de
984 1025 1110 1066 rebus
1141 1039 1266 1079 saepe
1299 1025 1454 1065 futuris
1748 1027 1827 1076 825

353 1101 539 1136 macerat
569 1095 698 1150 inque
729 1100 849 1135 metu
881 1094 990 1135 male
1023 1095 1153 1136 habet
1184 1094 1378 1149 curisque
1411 1094 1564 1150 fatigat

352 1164 679 1220 praeteritisque
711 1164 820 1205 male
851 1163 1047 1204 admissis
1078 1169 1253 1219 peccata
1283 1163 1538 1204 remordent.

353 1232 461 1273 adde
492 1233 675 1273 furorem
707 1232 839 1273 animi
869 1231 1088 1287 proprium
1120 1238 1249 1287 atque
1281 1231 1437 1273 oblivia
1467 1246 1620 1281 rerum,

238 1355 333 1386 Junt.
351 1356 403 1387 for
420 1357 596 1386 mortalem.
694 1355 756 1386 805
773 1365 886 1385 saevas
903 1355 988 1385 Mar.
1005 1355 1102 1385 Junt.
1121 1355 1173 1386 for
1188 1356 1310 1385 salvas.
1410 1354 1646 1386 806-818=v
1661 1355 1830 1387 351—363

238 1410 329 1441 word
352 1410 402 1440 for
425 1409 535 1440 word:
569 1409 648 1448 they
670 1408 750 1439 here
773 1408 944 1448 interrupt
967 1408 1025 1440 the
1049 1412 1238 1448 argument,
1264 1408 1332 1439 and
1355 1418 1411 1439 are
1434 1409 1468 1439 of
1491 1418 1607 1440 course
1630 1418 1693 1440 one
1717 1409 1753 1441 of
1772 1409 1830 1441 the

237 1474 342 1504 many
363 1464 491 1503 glosses
514 1462 597 1493 with
619 1462 731 1493 which
754 1471 848 1493 some
871 1462 988 1493 reader
1011 1461 1074 1493 has
1098 1461 1225 1492 wished
1248 1461 1355 1492 either
1376 1464 1411 1493 to
1431 1462 1566 1501 explain
1587 1471 1625 1493 or
1644 1462 1752 1493 refute
1773 1462 1831 1494 the

238 1521 317 1558 poet
347 1518 390 1558 by
413 1516 554 1556 quoting
583 1515 638 1547 his
670 1526 744 1548 own
767 1525 879 1547 verses
909 1516 961 1546 for
992 1526 1029 1547 or
1056 1515 1189 1555 against
1221 1515 1305 1555 him,
1332 1525 1369 1546 as
1387 1515 1443 1546 the
1466 1525 1541 1547 case
1564 1525 1644 1555 may
1665 1515 1713 1548 be.
1762 1516 1830 1548 But

239 1583 275 1604 as
291 1572 367 1603 that
382 1571 492 1603 which
507 1571 637 1602 follows
652 1571 689 1601 in
704 1571 762 1601 the
778 1570 855 1601 fifth
871 1570 959 1601 book
975 1570 1104 1610 applies
1122 1570 1202 1609 only
1219 1572 1254 1601 to
1275 1569 1333 1601 the
1354 1569 1494 1607 heaven,
1516 1571 1577 1600 not
1599 1571 1634 1601 to
1655 1569 1713 1601 the
1733 1569 1831 1601 mind

239 1627 276 1657 of
295 1625 406 1657 which
421 1626 520 1657 Lucr.
538 1624 566 1656 is
582 1625 661 1656 here
679 1625 851 1664 speaking,
871 1624 914 1655 he
931 1624 987 1655 did
1004 1626 1064 1655 not
1081 1625 1243 1655 continue
1259 1623 1314 1654 his
1331 1623 1511 1662 quotation
1525 1635 1531 1660 ;
1556 1624 1617 1655 but
1633 1623 1708 1654 Ald.
1727 1625 1744 1654 1
1761 1624 1831 1656 and

238 1681 334 1711 Junt.
359 1680 445 1711 after
466 1679 633 1711 Marullus
656 1678 811 1710 followed
833 1678 877 1718 by
900 1679 946 1709 all
968 1678 1094 1710 editors
1117 1678 1228 1709 before
1250 1677 1355 1708 Lach.
1381 1677 1447 1708 add
1470 1687 1491 1708 v
1514 1677 1694 1716 364—373‚
1711 1677 1830 1719 rudely

239 1734 365 1765 altered
395 1736 430 1765 to
461 1733 529 1764 suit
560 1733 618 1763 the
648 1735 785 1772 present
817 1732 956 1771 subject.
1007 1734 1062 1762 ‘at
1086 1731 1257 1762 Michahel
1281 1731 1462 1762 Marullus'
1486 1741 1564 1771 says
1587 1730 1692 1763 Lach.
1725 1731 1831 1772 justly

239 1789 420 1829 indignant
450 1788 524 1818 ‘illo
552 1788 700 1828 [lectore]
727 1786 888 1818 audacior
914 1786 1001 1817 nihil
1024 1786 1150 1818 veritus
1177 1789 1229 1817 est
1252 1785 1370 1817 ceteris
1393 1786 1638 1817 transferendis
1660 1787 1830 1818 immanes

238 1843 384 1883 ineptias
407 1843 549 1879 inferre;
574 1851 658 1881 quos
681 1851 797 1872 versus
819 1850 896 1872 cum
917 1851 1035 1872 omnes
1056 1840 1150 1871 libris
1172 1839 1339 1871 veteribus
1361 1839 1434 1870 sine
1455 1840 1651 1880 exceptione
1671 1841 1830 1872 omnibus

239 1897 356 1928 abesse
373 1898 432 1928 aut
448 1896 571 1927 scirent
587 1898 647 1927 aut
669 1898 758 1926 certe
779 1895 937 1926 deberent
958 1895 1054 1932 scire,
1076 1893 1227 1934 plerique
1249 1893 1321 1924 sine
1343 1893 1575 1926 admonitione
1596 1895 1828 1934 susceperunt,

238 1950 476 1987 Wakefieldus,
501 1949 555 1981 cui
576 1949 737 1989 Forbiger
760 1949 923 1980 adsensus
946 1951 1008 1986 est,
1033 1950 1187 1988 “poetae
1197 1948 1213 1961 ''
1239 1947 1287 1989 (id
1309 1950 1360 1978 est
1384 1946 1534 1987 Marulli)
1555 1947 1700 1978 miratur
1722 1952 1830 1979 “con-

239 2005 421 2037 sideratam
448 2004 661 2036 severitatem
688 2003 875 2044 diligitque,
906 2013 965 2044 per
991 2006 1063 2034 tam
1091 2002 1275 2034 dilucidam
1305 2002 1603 2033 ratiocinationem
1632 2002 1831 2042 simpliciter

239 2061 390 2090 mentem
422 2068 518 2089 suam
549 2057 788 2098 exponentis’'.
840 2057 927 2088 mihi
958 2056 1097 2088 Marulli
1127 2057 1216 2088 male
1248 2056 1363 2088 sedula
1395 2056 1597 2095 simplicitas
1627 2066 1698 2088 non
1727 2057 1832 2089 nimis

239 2112 441 2152 exagitanda
464 2121 536 2143 esse
559 2111 710 2142 videtur:
736 2110 901 2142 subiciam
924 2112 1039 2141 tamen
1063 2110 1135 2141 eius
1159 2110 1351 2148 versiculos,
1379 2112 1418 2140 ut
1441 2112 1604 2149 appareat
1626 2119 1711 2149 quae
1731 2110 1830 2142 Lam-

238 2167 330 2198 binis
357 2170 390 2198 et
416 2166 632 2198 Wakefieldis
662 2165 800 2207 (ceteros
827 2175 919 2196 nunc
941 2165 1076 2207 omitto)
1102 2165 1259 2196 Lucretio
1283 2165 1485 2204 dignissima
1509 2164 1581 2196 visa
1605 2165 1742 2197 fuerint.
1786 2167 1832 2197 At

239 2230 352 2260 neque,
376 2219 427 2250 uti
450 2220 558 2256 docui,
582 2219 687 2249 solido
711 2228 783 2249 cum
806 2228 936 2257 corpore
959 2218 1086 2249 mentis
1109 2219 1242 2248 Natura
1266 2223 1322 2256 est,
1351 2219 1505 2258 quoniam
1527 2218 1705 2248 admistum
1726 2222 1773 2248 est
1794 2219 1833 2249 in

238 2275 332 2304 rebus
355 2274 465 2312 inane,
484 2274 550 2303 Nec
575 2277 682 2303 tamen
706 2277 752 2303 est
775 2277 812 2302 ut
835 2273 946 2308 inane,
963 2282 1065 2311 neque
1089 2277 1198 2302 autem
1220 2281 1356 2311 corpora
1380 2272 1496 2302 desunt
1516 2272 1571 2301 Ex
1587 2272 1730 2311 infinito,
1748 2281 1830 2312 quae

234 2330 363 2368 possint
371 2327 462 2367 forte
478 2331 587 2357 coorta
604 2327 760 2357 Corruere
779 2327 862 2358 hanc
879 2325 1005 2357 mentis
1021 2327 1165 2357 violento
1184 2327 1314 2357 turbine
1331 2326 1467 2365 molem,
1482 2327 1550 2356 Aut
1567 2327 1670 2357 aliam
1686 2327 1831 2368 quamvis

239 2383 365 2414 cladem
381 2383 554 2421 importare
567 2382 701 2419 pericli,
718 2381 786 2411 Nec
805 2391 905 2421 porro
921 2385 1044 2411 natura
1062 2381 1124 2411 loci
1140 2381 1349 2420 spaciumque
1366 2381 1527 2420 profundi
1543 2381 1676 2420 Deficit,
1688 2381 1831 2420 Veoeparqi

240 2447 302 2478 quo
327 2435 435 2476 possit
461 2435 512 2465 vis
537 2434 666 2465 animai
692 2435 758 2465 Aut
785 2436 858 2466 alia
887 2436 1004 2475 quavis
1031 2434 1139 2474 possit
1165 2436 1199 2465 vi
1225 2435 1326 2474 pulsa
1350 2435 1474 2474 perire,
1503 2435 1609 2465 Haud
1638 2436 1743 2474 iyitur
1773 2436 1831 2467 leti

235 2491 411 2531 praeclusa
433 2494 480 2520 est
503 2490 605 2518 ianua
630 2488 769 2519 menti'.
923 2489 987 2519 820
1011 2489 1165 2519 letalibus
1187 2487 1306 2518 Lamb.
1331 2488 1383 2518 for
1405 2489 1578 2519 vitalibus.
1737 2488 1830 2520 After

239 2545 302 2575 823
319 2553 338 2574 a
353 2552 448 2574 verse
463 2541 492 2572 is
508 2541 586 2579 lost,
604 2541 714 2571 which
730 2541 835 2572 Lach.
853 2541 935 2572 thus
958 2540 1117 2582 supplies,
1137 2542 1250 2572 Multa
1272 2546 1380 2572 tamen
1403 2545 1544 2580 tanyunt
1565 2542 1710 2572 animam
1729 2542 1829 2579 mala,

239 2600 343 2630 multa
370 2597 512 2637 pericla.
559 2595 644 2626 Mar.
673 2595 748 2626 Ald.
774 2597 791 2626 1
815 2595 884 2626 and
914 2596 1009 2627 Junt.
1036 2595 1143 2626 insert
1168 2595 1254 2626 after
1276 2596 1340 2626 820
1362 2594 1422 2625 the
1444 2595 1626 2634 following,
1651 2595 1787 2627 Scilicet
1808 2606 1828 2627 α

239 2663 317 2684 vera
335 2653 425 2690 longae
440 2652 567 2682 ratione
583 2654 770 2681 remotumst
783 2662 792 2689 ;
815 2649 926 2680 which
941 2649 1062 2680 Lamb.
1079 2649 1240 2688 retained,
1261 2650 1320 2680 but
1336 2649 1454 2689 placed
1469 2649 1556 2681 after
1571 2650 1644 2680 823.

283 2707 345 2738 824
374 2705 508 2737 morbist
537 2713 609 2734 cum
640 2704 783 2742 corporis
813 2706 921 2742 aem-it
948 2703 1017 2735 AB.
1064 2704 1180 2733 morbis
1203 2703 1330 2734 Avanc.
1356 2703 1449 2734 first:
1481 2713 1526 2734 no
1551 2703 1694 2734 ‘Italus’
1719 2701 1828 2734 before

239 2760 324 2791 him.
369 2762 478 2798 aegret
495 2757 562 2788 Gif.
579 2756 615 2786 in
631 2758 728 2787 notes
743 2756 871 2796 rightly
887 2756 938 2787 for
953 2757 1072 2796 aeyrit.
1118 2755 1222 2793 Nico„
1240 2756 1396 2788 deceived
1411 2756 1456 2798 by
1470 2757 1605 2788 morbist
1626 2756 1695 2788 and
1714 2756 1827 2788 think-

240 2815 298 2854 ing
314 2825 385 2845 cnm
401 2823 420 2844 a
442 2810 674 2851 conjunction,
698 2813 800 2841 wrote
823 2821 893 2842 cum
915 2821 1029 2851 corpus
1051 2815 1213 2850 αεργοιατ,
1235 2810 1346 2842 which
1367 2810 1421 2841 led
1441 2812 1477 2842 to
1497 2810 1630 2841 endless
1650 2809 1827 2842 confusion

240 2868 277 2899 in
307 2868 394 2898 later
423 2875 504 2897 mss.
529 2864 597 2895 and
620 2863 708 2894 eds:
741 2873 824 2894 even
846 2864 965 2895 Lamb.
989 2873 1056 2894 was
1087 2863 1219 2901 misled,
1244 2863 1313 2895 and
1336 2863 1461 2895 Creech
1490 2863 1558 2895 and
1581 2863 1694 2894 others
1718 2863 1826 2896 before

240 2921 342 2953 Lach.
363 2919 536 2960 neglected
553 2917 721 2949 Gifanius'
737 2917 826 2950 hint.
982 2917 1045 2949 826
1061 2922 1204 2949 macerat
1219 2917 1310 2949 Flor.
1328 2918 1368 2948 31
1385 2917 1484 2949 Pont.
1500 2917 1584 2950 Mar.
1603 2916 1678 2948 Ald.
1697 2917 1714 2948 1
1731 2917 1826 2949 Junt.

241 2978 292 3008 for
308 2979 464 3007 maceret:
488 2975 545 3014 yet
560 2972 656 3003 Wak.
673 2971 801 3003 retains
816 2971 874 3003 the
890 2972 1055 3005 solecism.
