1997 3267
185 192 240 242 96
962 190 1008 231 Π

298 301 486 343 adsimili
515 301 680 342 ratione
711 301 816 342 alias
846 306 897 342 ut
928 301 1118 356 postulet
1148 299 1260 350 ordo,

298 370 334 411 si
368 376 415 411 tu
448 370 556 411 forte
588 369 702 410 voles
733 369 865 410 etiam
896 369 1058 410 variare
1089 369 1259 424 figuras.

298 452 398 493 ergo
429 437 659 478 formarum
691 436 928 478 novitatem
959 437 1144 492 corporis
1174 451 1359 492 augmen
1696 447 1778 491 495

297 506 581 561 subsequitur.
643 520 772 560 quare
804 520 889 546 non
922 511 986 546 est
1017 510 1067 546 ut
1099 505 1266 546 credere
1298 505 1431 560 possis

297 590 387 617 esse
418 575 600 616 infinitis
630 574 837 615 distantia
867 574 1031 616 semina
1061 574 1216 624 formis,

297 658 352 684 ne
382 642 592 698 quaedam
625 656 748 697 cogas
779 642 943 682 inmani
974 641 1244 682 maximitate

297 726 400 760 esse,
431 725 560 765 supra
590 710 704 765 quod
734 710 819 750 iam
851 710 975 751 docui
1006 725 1092 751 non
1122 724 1242 765 posse
1273 710 1453 765 probari.

297 780 383 822 iam
414 779 496 820 tibi
526 778 769 819 barbaricae
802 783 943 819 vestes
974 777 1269 833 Meliboeaque
1300 778 1468 833 fulgens
1702 786 1785 830 500

298 863 486 904 purpura
517 847 757 889 Thessalico
788 847 1043 888 concharum
1074 853 1191 888 tacta
1221 847 1355 889 colore

298 1000 428 1026 aurea
457 999 671 1040 pavonum
702 984 862 1026 ridenti
892 984 1062 1025 imbuta
1092 985 1234 1039 lepore

299 1054 449 1102 saecla,
478 1068 586 1094 novo
616 1068 758 1094 rerum
791 1059 992 1108 superata
1021 1053 1157 1094 colore
1189 1053 1376 1094 iacerent

299 1127 344 1164 et
374 1127 648 1177 contemptus
679 1122 780 1162 odor
809 1136 1005 1176 smyrnae
1037 1121 1258 1176 mellisque
1289 1134 1471 1175 sapores,

299 1196 344 1233 et
375 1205 530 1245 cycnea
561 1190 671 1231 mele
703 1189 984 1244 Phoebeaque
1015 1189 1193 1230 daedala
1223 1188 1390 1230 chordis
1701 1197 1780 1240 505

299 1260 488 1301 carmina
518 1259 727 1300 consimili
758 1258 922 1300 ratione
954 1272 1153 1313 oppressa
1183 1257 1381 1308 silerent3

298 1342 483 1382 namque
515 1326 609 1368 aliis
639 1326 754 1367 aliud
786 1326 1076 1381 praestantius
1107 1330 1361 1366 exoreretur.

299 1397 447 1438 cedere
477 1396 583 1437 item
614 1402 727 1436 retro
757 1402 930 1451 possent
961 1395 1006 1436 in
1037 1394 1267 1436 deteriores

299 1464 443 1506 omnia
472 1463 530 1505 sic
562 1463 707 1518 partis,
738 1469 788 1504 ut
818 1463 1006 1504 diximus
1037 1462 1082 1502 in
1113 1461 1322 1511 melioris3

299 1547 484 1588 namque
515 1533 609 1574 aliis
640 1532 757 1573 aliud
788 1538 901 1573 retro
932 1545 1100 1586 quoque
1132 1530 1313 1571 taetrius
1345 1535 1457 1572 esset
1704 1538 1787 1581 510

299 1601 475 1642 naribus
505 1600 680 1641 auribus
711 1605 841 1655 atque
872 1599 1004 1641 oculis
1034 1599 1201 1653 orisque
1232 1598 1380 1653 sapori.

302 1683 411 1724 quae
443 1669 642 1724 quoniam
676 1684 760 1709 non
791 1674 904 1717 sunt,
934 1668 1006 1709 sed
1036 1668 1163 1709 rebus
1193 1667 1363 1708 reddita
1392 1674 1508 1708 certa

300 1738 397 1780 finis
428 1738 645 1793 utrimque
677 1743 797 1779 tenet
828 1752 1051 1785 sumniam,
1083 1737 1242 1778 fateare
1273 1747 1484 1778 necessest

301 1807 524 1848 materiem
556 1821 725 1862 quoque
755 1806 890 1848 finitis
921 1806 1090 1847 differre
1121 1805 1279 1862 figuris.

301 1875 485 1931 denique
516 1875 570 1916 ab
602 1875 775 1931 ignibus
805 1875 859 1916 ad
888 1875 1052 1931 gelidas
1082 1874 1165 1915 iter
1195 1888 1330 1928 usque
1362 1873 1537 1928 pruinas
1704 1881 1781 1924 515

300 1944 515 1986 finitumst
546 1950 743 1998 retroque
774 1943 867 1999 pari
896 1943 1061 1984 ratione
1091 1948 1402 1991 remensumst3

301 2013 438 2054 omnis
468 2013 583 2053 enim
614 2012 726 2053 calor
755 2027 803 2053 ac
834 2011 968 2067 frigus
1000 2011 1216 2066 mediique
1247 2017 1415 2065 tepores

301 2081 621 2137 interutrasque
652 2082 794 2122 iacent
826 2081 1047 2136 explentes
1078 2079 1225 2121 ordine
1255 2091 1478 2120 summam.

304 2164 402 2206 ergo
432 2150 555 2190 finita
586 2149 749 2190 distant
779 2149 947 2190 ratione
976 2153 1128 2197 creata,

181 2269 323 2308 semina.
463 2267 527 2299 499
538 2267 675 2306 probari
691 2266 767 2297 Ald.
786 2267 803 2297 1
820 2266 916 2298 Junt.
938 2266 988 2297 for
1000 2267 1152 2306 probare.
1199 2275 1263 2296 esse
1275 2265 1417 2305 probare
1433 2263 1518 2295 Mar.
1663 2261 1725 2293 501
1739 2271 1746 2292 :
1769 2262 1787 2292 I

189 2322 315 2354 believe
332 2331 352 2353 a
367 2330 460 2352 verse
476 2321 505 2351 is
521 2321 601 2351 here
618 2321 684 2352 lost
701 2322 738 2352 of
750 2321 822 2352 this
838 2323 961 2352 nature
978 2325 1009 2352 et
1025 2331 1104 2360 quos
1117 2321 1291 2351 ostendunt
1304 2321 1341 2350 in
1355 2320 1434 2350 solis
1451 2319 1520 2350 luce
1533 2318 1664 2349 colores.
1696 2321 1786 2348 tacta

189 2376 294 2408 Lach.
313 2376 399 2406 after
416 2374 622 2414 Oudendorp
638 2374 757 2406 Lucan
773 2384 793 2405 x
809 2376 872 2408 491
890 2375 942 2406 for
960 2380 1056 2406 tecta.
1104 2376 1210 2405 tincta
1226 2374 1322 2404 Junt.
1339 2373 1429 2412 vulg.
1585 2371 1647 2403 502
1661 2371 1786 2402 ridenti

187 2432 243 2462 Fr.
271 2429 418 2461 Medices
448 2430 500 2460 for
531 2431 641 2460 rident
671 2429 740 2460 and
771 2431 833 2461 503
864 2439 945 2461 novo
978 2429 1029 2460 for
1058 2439 1152 2460 nova.
1203 2430 1325 2466 Aurea,
1352 2437 1383 2467 p.
1409 2427 1533 2458 ‘ridenti
1562 2427 1699 2456 imitata
1721 2426 1784 2456 etc.

188 2485 312 2517 Lach.:
336 2483 457 2515 Lamb.
482 2483 550 2514 and
572 2483 661 2522 vulg.
687 2483 758 2514 edd.
786 2488 817 2514 et
840 2486 876 2515 at
898 2483 964 2514 end
988 2483 1024 2514 of
1044 2484 1117 2514 501.
1250 2482 1311 2513 503
1337 2482 1465 2513 Saecla.
1510 2481 1616 2520 Pepla
1637 2479 1674 2511 P.
1701 2479 1784 2510 Bur-

189 2548 296 2570 mann
320 2537 418 2569 Wak.
556 2536 618 2567 504
641 2537 688 2566 Et
711 2541 910 2576 contenwtus
935 2537 1012 2567 odor
1035 2536 1124 2567 Flor.
1153 2536 1192 2566 31
1219 2535 1336 2567 Camb.
1360 2534 1452 2565 Brix.
1477 2533 1562 2565 Ven.
1587 2533 1672 2564 Mar.
1696 2532 1783 2572 vulg.

190 2594 241 2625 for
264 2595 311 2623 Et
334 2596 532 2631 contemptus
555 2591 646 2622 udor.
695 2591 743 2621 Et
766 2596 966 2631 contemptus
989 2592 1108 2622 suodor
1129 2589 1222 2620 Nice.
1244 2589 1338 2620 Ver.:
1361 2588 1468 2619 hence
1490 2587 1507 2617 1
1528 2587 1616 2618 infer
1638 2585 1697 2617 the
1719 2596 1780 2618 ms.

191 2670 226 2701 of
247 2668 372 2708 Poggio
395 2667 464 2698 had
486 2642 596 2697 deor.
737 2666 799 2697 512
824 2668 880 2698 sed
903 2666 1011 2698 added
1034 2666 1078 2707 by
1099 2665 1204 2697 Laeh.
1340 2665 1403 2696 514
1417 2664 1532 2704 finitis
1555 2661 1704 2694 Politian
1729 2662 1781 2704 (5³),

191 2724 290 2755 Pont.
315 2722 400 2753 Mar.
426 2720 500 2752 Ald.
527 2722 543 2751 1
569 2720 663 2752 Junt.
691 2720 743 2751 for
766 2722 921 2761 infinitis.
1096 2721 1157 2751 515
1180 2721 1246 2750 iter
1267 2729 1368 2759 usque
1391 2717 1496 2749 Lach.
1521 2717 1573 2747 for
1595 2717 1784 2756 hiemisque.

192 2776 338 2816 perhaps
363 2776 503 2806 hiemum
525 2784 638 2814 usque.
773 2774 836 2806 517
862 2775 973 2805 Omnis
997 2774 1032 2804 of
1054 2783 1135 2804 mss.
1159 2773 1190 2804 is
1212 2772 1314 2812 right.
1359 2773 1497 2803 Extima
1522 2770 1587 2801 Ed.
1611 2770 1783 2811 formerly.

192 2833 303 2862 Ambit
325 2829 429 2861 Lach.
471 2830 568 2860 Finis
593 2827 676 2859 Mar.
705 2828 802 2860 Junt.
847 2830 943 2859 Finit
966 2828 1085 2859 Lamb.
1110 2827 1221 2867 vulgo.
1353 2827 1415 2857 518
1438 2826 1708 2865 Interutrasque:
1732 2834 1785 2856 see

193 2887 291 2916 notes
308 2886 337 2917 2.
386 2885 479 2915 Inter
500 2888 655 2922 utrasque
673 2892 754 2913 mss.
799 2884 1035 2922 Intemtraque
1055 2881 1159 2913 Lach.
1177 2881 1256 2912 here
1277 2880 1345 2912 and
1364 2879 1401 2910 in
1421 2879 1484 2910 five
1505 2877 1604 2909 other
1623 2878 1744 2918 places,
1764 2888 1786 2909 v

194 2940 257 2972 472
277 2939 341 2972 476
361 2948 396 2969 VI
417 2938 481 2969 362
501 2938 594 2976 1062,
614 2936 683 2969 and
703 2947 745 2968 111
768 2937 830 2969 306
852 2936 959 2967 where
979 2937 996 2967 I
1018 2935 1100 2968 read
1121 2937 1215 2967 Inter
1234 2940 1398 2974 utrosque,
1418 2932 1486 2964 and
1502 2942 1523 2963 v
1543 2933 1606 2964 839
1627 2931 1679 2963 for
1699 2934 1786 2964 inter
