1997 3267
245 192 323 244 176
1001 185 1066 227 1V

354 296 428 351 qui
458 296 540 336 nisi
571 301 672 336 sunt
703 294 803 343 veri,
832 293 941 334 ratio
973 307 1140 347 quoque
1171 291 1274 332 falsa
1304 291 1354 331 fit
1384 290 1530 332 omnis.
1742 292 1822 342 485

354 379 410 405 an
441 368 643 418 poterunt
674 362 815 403 oculos
845 375 968 401 aures
998 359 1316 414 reprehendere,
1347 373 1402 399 an
1433 373 1555 400 aures

353 434 525 473 tactus?
565 446 619 471 an
650 430 763 471 hunc
793 443 915 484 porro
946 433 1111 469 tactum
1142 442 1265 482 sapor
1295 432 1445 482 arguet
1476 427 1569 476 oris,

354 515 409 541 an
439 499 723 541 confutabunt
753 511 876 538 nares
907 496 1070 537 oculive
1100 496 1351 537 revincent?

353 585 448 617 non,
478 574 530 610 ut
561 568 718 623 opinor,
748 567 811 608 ita
841 571 915 607 est.
976 581 1074 606 nam
1106 580 1294 606 seorsum
1324 565 1477 620 cuique
1508 570 1696 619 potestas

355 639 543 687 divisast,
574 652 651 678 sua
680 637 744 678 vis
775 636 983 690 cuiquest,
1012 635 1191 689 ideoque
1222 648 1392 674 necesse
1423 639 1487 675 est
1742 644 1829 686 490

356 713 401 748 et
431 707 542 762 quod
573 706 699 746 molle
730 704 786 745 sit
817 709 862 745 et
891 703 1080 759 gelidum
1113 703 1331 743 fervensve
1361 717 1544 743 seorsum

356 780 400 816 et
430 789 617 816 seorsum
651 775 787 814 varios
816 786 958 813 rerum
989 771 1147 812 sentire
1178 770 1333 811 colores

356 850 400 885 et
432 856 724 898 quaecumque
756 840 953 882 coloribu'
985 840 1071 880 sint
1103 839 1328 880 coniuncta
1358 838 1504 880 videre.

357 927 522 954 seorsus
553 912 658 953 item
690 925 813 965 sapor
843 910 925 951 oris
956 909 1086 950 habet
1117 908 1217 957 vim,
1247 922 1411 948 seorsus
1442 907 1587 948 odores

358 986 602 1028 nascuntur,
633 993 794 1020 sorsum
825 977 998 1018 sonitus.
1059 977 1239 1031 ideoque
1269 990 1439 1017 necesse
1470 979 1536 1016 est
1745 986 1826 1028 495

357 1065 442 1091 non
472 1049 636 1105 possint
667 1048 771 1089 alios
800 1047 874 1088 alii
905 1046 1151 1087 convincere
1183 1059 1340 1086 sensus.

358 1133 436 1159 1160
465 1133 587 1173 porro
618 1121 821 1171 poterunt
850 1114 933 1170 ipsi
962 1113 1270 1168 reprehendere
1301 1127 1402 1163 sese,

359 1201 495 1241 aequa
524 1185 628 1226 fides
658 1184 858 1239 quoniam
889 1182 1063 1224 debebit
1094 1196 1261 1236 semper
1291 1180 1447 1222 haberi.

360 1254 536 1310 proinde
567 1252 679 1308 quod
709 1253 755 1293 in
785 1257 994 1307 quoquest
1025 1250 1090 1290 his
1121 1250 1261 1290 visum
1292 1254 1496 1304 tempore,
1526 1255 1725 1291 verumst.

361 1330 405 1365 61
435 1323 471 1364 51
500 1337 586 1363 11011
615 1320 774 1375 poterit
804 1320 913 1360 ratio
943 1318 1171 1359 dissolvere
1201 1332 1384 1366 causam,
1750 1327 1831 1371 500

363 1407 436 1433 0111
467 1405 516 1431 63
547 1404 655 1444 01136
686 1388 845 1429 fuerint
876 1386 1032 1427 iuxtim
1064 1385 1281 1440 quadrata,
1314 1385 1458 1440 procul
1489 1385 1576 1426 sint

362 1460 453 1500 visa
483 1457 681 1505 rutunda,
713 1462 857 1497 13111611
888 1460 1078 1510 praestat
1108 1453 1284 1494 rationis
1315 1458 1513 1508 egentem

364 1527 537 1569 reddere
570 1525 769 1566 mendose
801 1537 947 1564 causas
977 1522 1200 1576 utriusque
1232 1521 1402 1577 figurae,

364 1610 491 1651 quam
523 1593 720 1634 manibus
751 1592 977 1632 manifesta
1007 1590 1094 1631 suis
1125 1590 1322 1630 emittere
1353 1604 1566 1644 quoquam

364 1670 408 1705 61
439 1662 594 1703 violare
625 1661 753 1701 fidem
785 1659 966 1714 primam
997 1663 1041 1698 et
1072 1657 1305 1698 convellere
1337 1662 1430 1698 tota
1752 1667 1829 1712 505

365 1732 644 1773 fundamenta
673 1728 828 1784 quibus
858 1728 1032 1768 nixatur
1061 1727 1151 1767 vita
1181 1726 1387 1781 salusque.

367 1815 451 1842 non
482 1799 604 1839 modo
636 1797 749 1838 enim
781 1796 888 1837 13110
919 1801 1016 1836 ruat
1047 1794 1194 1843 omnis,
1225 1794 1316 1834 vita
1347 1809 1512 1849 quoque
1543 1795 1635 1849 ipsa

367 1867 559 1910 concidat
591 1865 816 1920 extemplo,
847 1865 929 1905 nisi
960 1864 1126 1905 credere
1158 1863 1351 1904 sensibus
1380 1863 1493 1903 ausis

367 1935 695 1992 praecipitisque
726 1934 836 1975 locos
866 1933 1001 1973 vitare
1032 1938 1076 1973 et
1107 1937 1247 1973 cetera
1277 1946 1385 1986 quae
1417 1931 1502 1972 sint

368 2006 412 2045 in
442 2018 595 2059 genere
626 2003 703 2043 hoc
735 2002 947 2058 fugienda,
978 2001 1098 2055 sequi
1127 2000 1337 2041 contraria
1368 2014 1475 2055 quae
1504 1999 1600 2041 sint.
1754 2011 1836 2053 510

369 2073 442 2113 illa
471 2072 552 2113 tibi
583 2076 648 2112 est
679 2070 812 2126 igitur
843 2069 1064 2110 verborum
1095 2068 1216 2122 copia
1246 2082 1363 2108 cassa

369 2140 505 2181 omnis
535 2153 643 2194 quae
673 2146 819 2178 contra
849 2150 995 2177 sensus
1025 2136 1234 2176 instructa
1262 2140 1463 2190 paratast.

369 2207 551 2261 denique
582 2212 632 2247 ut
662 2206 705 2246 in
738 2206 905 2254 fabrica,
935 2204 971 2245 si
1001 2210 1171 2258 pravast
1201 2204 1348 2259 regula
1377 2203 1526 2258 prima,

370 2290 599 2329 normaque
630 2274 665 2315 si
697 2273 822 2314 fallax
852 2273 979 2314 rectis
1009 2273 1253 2328 regionibus
1283 2272 1383 2322 exit,

371 2352 415 2388 61
444 2346 589 2386 libella
617 2345 760 2399 aliqua
789 2343 825 2384 si
855 2358 905 2384 ex
935 2343 1048 2398 parti
1079 2342 1289 2383 claudicat
1319 2342 1465 2390 hilum,
1756 2352 1833 2396 515

372 2414 513 2454 onmia
542 2413 742 2453 mendose
772 2411 864 2451 fieri
894 2417 1022 2465 atque
1054 2410 1222 2464 obstipa
1251 2424 1420 2450 necesse
1451 2415 1516 2450 est

371 2496 501 2537 prava
530 2480 731 2521 cubantia
761 2494 893 2534 prona
922 2479 1074 2533 supina
1104 2484 1233 2532 atque
1263 2478 1420 2518 absona
1451 2482 1574 2526 tecta,

371 2550 455 2590 iarn
486 2563 607 2589 ruere
638 2553 687 2588 ut
719 2547 926 2601 quaedam
958 2546 1184 2587 videantur
1215 2546 1335 2595 velle,
1364 2552 1576 2600 ruantque

255 2669 389 2710 poterit,
434 2667 580 2707 poterint
596 2665 681 2694 Mar.
694 2663 770 2694 Ver.
788 2663 871 2693 Ven.
1052 2663 1112 2693 491
1129 2672 1270 2693 seorsum
1284 2662 1396 2693 Bentl.
1414 2662 1467 2693 for
1480 2664 1606 2695 videri:
1629 2673 1650 2694 a
1666 2672 1839 2705 necessary

260 2723 400 2761 change.
444 2719 563 2750 Lamb.
578 2718 658 2749 here
673 2717 895 2756 interpolates
910 2727 930 2748 a
945 2726 1048 2748 verse.
1169 2717 1230 2747 493
1247 2717 1355 2746 videre
1372 2715 1476 2746 Lach.
1494 2716 1544 2745 for
1558 2722 1714 2748 necessest
1729 2717 1839 2749 which

260 2778 323 2808 has
339 2785 432 2807 come
448 2775 535 2805 from
551 2783 570 2804 a
584 2771 830 2812 neighbouring
845 2781 946 2803 verse.
1124 2771 1185 2802 495
1202 2771 1392 2801 Nascuntur
1406 2769 1480 2801 Ver.
1498 2770 1580 2801 Ven.
1598 2771 1684 2802 Mar.
1700 2771 1752 2802 for
1767 2783 1837 2804 nas-

262 2837 389 2862 cautur.
597 2827 660 2859 496
678 2829 805 2867 possint
820 2826 910 2857 Flor.
928 2826 967 2856 31
985 2825 1077 2855 Mon.
1095 2824 1193 2855 Pont.
1212 2824 1285 2854 Ald.
1304 2825 1321 2854 1
1339 2824 1434 2854 Junt.
1452 2824 1503 2854 for
1520 2829 1667 2864 possunt.
1709 2831 1839 2865 possent

264 2883 378 2915 Camb.
508 2883 571 2913 498
586 2891 694 2921 aequa
709 2880 798 2911 Flor.
817 2881 855 2911 31
873 2880 971 2911 Pont.
991 2880 1076 2910 Mar.
1095 2878 1169 2909 Ald.
1191 2880 1207 2908 1
1224 2878 1245 2908 J
1248 2880 1320 2908 unt.
1338 2877 1390 2908 for
1405 2888 1514 2917 aeque.
1643 2878 1704 2909 500
1716 2881 1840 2919 poterit

263 2937 354 2967 Nice.
373 2937 423 2966 for
434 2935 570 2975 poteris.
737 2934 799 2964 514
814 2934 843 2964 si
860 2933 951 2964 Nico.
968 2932 996 2963 B
1012 2942 1096 2963 corr.
1115 2932 1166 2962 for
1182 2933 1257 2963 sibi.
1424 2932 1485 2963 517
1500 2931 1611 2962 Prava
1629 2931 1711 2963 Mar.
1728 2931 1803 2963 Ald.
1821 2933 1839 2962 1
