1997 3267
926 178 965 219 V
1675 194 1757 235 229

274 299 351 326 nec
383 289 527 326 manet
559 285 646 326 ulla
677 284 742 326 sui
773 284 922 326 similis
953 300 1042 327 res:
1083 285 1226 328 omnia
1256 286 1453 343 migrant,
1675 291 1757 341 830

273 354 417 395 omnia
447 358 683 395 commutat
714 359 869 395 natura
900 359 943 395 et
974 360 1139 396 vertere
1171 355 1295 411 cogit.

275 438 459 478 namque
490 422 599 463 aliut
630 422 837 477 putrescit
868 427 912 464 et
943 437 1046 464 aevo
1076 423 1215 464 debile
1248 424 1435 478 languet,

273 505 395 545 porro
425 490 534 531 aliut
565 490 755 531 clarescit
787 495 831 530 et
861 504 881 531 e
911 490 1230 545 contemptibus
1262 491 1361 533 exit.

273 559 331 600 sic
362 559 496 615 igitur
526 559 676 600 mundi
706 564 906 600 naturam
938 559 1071 600 totius
1102 565 1221 601 aetas

273 632 415 669 mutat
446 632 490 669 et
521 642 572 668 ex
603 627 686 668 alio
717 632 873 668 terram
906 632 1046 668 status
1077 628 1236 683 excipit
1268 628 1400 669 alter:
1673 631 1751 682 835

273 696 386 751 quod
417 696 558 751 potuit
589 695 750 751 nequit,
782 700 831 736 ut
862 695 995 750 possit
1027 696 1139 751 quod
1170 712 1253 738 non
1286 696 1388 738 tulit
1420 702 1529 738 ante.

330 763 554 819 Multaque
585 768 680 805 tum
712 763 839 804 tellus
870 763 1002 804 etiam
1033 769 1233 819 portenta
1263 779 1403 806 creare

272 837 466 873 conatast
497 832 604 872 mira
635 831 740 873 facie
772 832 1058 887 membrisque
1090 838 1243 883 coorta,

271 899 578 955 androgynum,
608 899 925 954 interutrasque
957 914 1034 940 nec
1066 905 1223 949 utrum,
1257 900 1476 955 utrimque
1510 907 1731 950 remotum,

272 968 374 1009 orba
402 968 561 1023 pedum
592 968 761 1024 partim,
793 983 999 1009 manuum
1031 968 1208 1009 viduata
1240 968 1434 1017 vicissim,
1670 972 1754 1022 840

271 1041 393 1077 muta
422 1036 513 1077 sine
544 1052 613 1078 ore
645 1037 787 1085 etiam,
819 1037 909 1078 sine
943 1037 1061 1078 voltu
1094 1052 1217 1078 caeca
1247 1042 1426 1092 reperta,

272 1106 500 1160 vinctaque
531 1105 818 1146 membrorum
850 1120 926 1160 per
956 1111 1098 1146 totum
1129 1121 1279 1161 corpus
1309 1106 1509 1156 adhaesu,

271 1189 349 1215 nec
380 1175 515 1216 facere
547 1180 596 1216 ut
627 1180 800 1230 possent
833 1175 1059 1230 quicquam
1092 1190 1169 1216 nec
1200 1175 1347 1216 cedere
1381 1190 1595 1231 quoquam

271 1257 349 1284 nec
380 1243 515 1284 vitare
546 1243 707 1284 malum
739 1258 816 1284 nec
846 1258 1014 1284 sumere
1046 1242 1158 1298 quod
1189 1244 1296 1284 foret
1327 1259 1436 1284 usus.

271 1316 412 1352 cetera
442 1310 493 1352 de
524 1325 679 1366 genere
712 1311 789 1352 hoc
820 1317 1010 1352 monstra
1041 1326 1089 1352 ac
1120 1316 1321 1366 portenta
1352 1311 1534 1361 creabat,
1672 1314 1748 1364 845

271 1379 544 1435 nequiquam,
576 1380 777 1435 quoniam
811 1385 965 1422 natura
995 1380 1228 1422 absterruit
1259 1385 1433 1422 auctum

270 1463 348 1489 nec
378 1454 555 1504 potuere
586 1449 780 1503 cupitum
812 1449 967 1491 aetatis
998 1455 1173 1506 tangere
1204 1450 1350 1491 florem

269 1532 348 1559 nec
377 1518 561 1573 reperire
593 1517 736 1558 cibum
767 1532 844 1558 nec
876 1518 997 1574 iungi
1027 1533 1103 1572 per
1133 1518 1312 1559 Veneris
1342 1533 1418 1561 res.

270 1586 409 1626 multa
439 1585 632 1626 videmus
665 1585 778 1626 enim
810 1585 936 1627 rebus
967 1601 1214 1627 concurrere
1245 1586 1412 1636 debere,

271 1659 321 1695 ut
351 1653 624 1710 propagando
655 1654 819 1709 possint
850 1654 1080 1709 procudere
1112 1655 1271 1705 saecla3
1669 1657 1752 1707 850

269 1722 427 1777 pabula
458 1723 645 1777 primum
678 1728 727 1764 ut
758 1723 856 1773 sint,
887 1723 1093 1779 genitalia
1124 1723 1278 1765 deinde
1309 1739 1384 1778 per
1413 1730 1532 1765 artus

270 1792 435 1833 semina
465 1806 549 1847 qua
580 1791 743 1846 possint
775 1792 978 1832 membris
1009 1806 1182 1832 manare
1212 1792 1425 1843 remissis3

269 1860 511 1916 feminaque
542 1869 592 1901 ut
622 1860 812 1901 maribus
842 1860 1044 1916 coniungi
1074 1860 1219 1915 possit,
1250 1861 1406 1902 habere

269 1934 422 1970 mutua
453 1928 527 1983 qui
557 1934 728 1969 mutent
759 1929 872 1970 inter
902 1944 946 1970 se
977 1929 1136 1984 gaudia
1166 1934 1358 1984 uterque.

328 1997 551 2051 Multaque
582 2002 676 2037 tum
708 1996 919 2038 interiisse
950 1996 1219 2038 animantum
1250 1998 1387 2039 saecla
1416 2004 1630 2039 necessest
1667 2001 1745 2051 855

268 2079 347 2106 nec
376 2065 564 2120 potuisse
596 2065 867 2120 propagando
898 2066 1128 2120 procudere
1159 2066 1332 2121 prolem.

268 2149 368 2175 nam
399 2149 691 2189 quaecumque
723 2134 841 2175 vides
872 2135 984 2176 vesci
1017 2135 1219 2176 vitalibus
1250 2136 1373 2183 auris,

268 2208 345 2245 aut
375 2203 496 2244 dolus
527 2208 604 2245 aut
634 2203 770 2245 virtus
800 2208 877 2244 aut
908 2203 1092 2258 denique
1124 2204 1338 2245 mobilitas
1369 2210 1435 2246 est

154 2394 334 2433 Aeriasque
351 2393 436 2424 Mar.
454 2393 529 2425 Ald.
548 2394 565 2424 1
582 2393 602 2424 J
606 2396 677 2426 unt.
698 2393 749 2424 for
764 2394 958 2434 Aeriaeque.
1112 2394 1174 2425 833
1191 2395 1343 2426 clarescit
1358 2392 1461 2425 Lach.
1482 2393 1534 2424 for
1550 2395 1681 2425 crescit:
1706 2394 1748 2425 he

153 2446 226 2478 also
243 2449 397 2486 suggests
411 2449 595 2485 succrescit,
613 2446 724 2478 which
740 2457 820 2487 may
834 2447 875 2478 be
890 2446 997 2487 right:
1022 2456 1060 2478 or
1076 2451 1143 2478 tum
1159 2449 1285 2479 crescit.
1332 2449 1508 2479 concrescit
1523 2446 1598 2479 Ald.
1617 2447 1634 2478 1
1652 2447 1747 2479 Junt.

154 2504 214 2553 nqt
228 2502 326 2533 Pont.
346 2510 384 2532 or
400 2501 485 2532 Mar.
531 2511 546 2532 e
563 2501 671 2532 added
687 2501 731 2541 by
747 2501 832 2532 Mar.
848 2501 924 2533 Ald.
943 2502 961 2531 1
977 2500 1074 2531 Junt.
1292 2501 1355 2532 836
1378 2501 1472 2540 Quod
1489 2502 1601 2541 potuit
1621 2503 1746 2542 nequit,

153 2549 269 2589 uthd.
286 2556 338 2587 for
355 2556 449 2595 Quod
460 2557 572 2595 potuit
588 2562 739 2596 nequeat.
783 2560 857 2596 pote
874 2557 925 2587 uti
942 2560 1082 2596 nequeat
1098 2555 1203 2586 Lach.
1250 2557 1329 2587 tulit
1343 2561 1381 2586 ut
1396 2556 1508 2587 Bentl.
1684 2557 1747 2587 838

147 2613 238 2652 facie
254 2610 344 2642 Flor.
364 2610 404 2641 31
420 2609 514 2641 Brix.
532 2610 583 2641 for
592 2611 693 2650 facit.
869 2611 931 2642 839
948 2611 1203 2649 interutrasque.
1252 2610 1481 2650 interutraque
1498 2609 1602 2640 Lach.
1619 2610 1745 2641 Andro-

152 2674 284 2706 9ynum,
303 2665 529 2703 interutraque
549 2673 607 2694 uec
629 2668 747 2700 utrum,
764 2664 929 2704 utrimque
950 2668 1105 2695 remotum
1119 2662 1222 2694 Lach.
1242 2666 1333 2694 most
1355 2663 1486 2703 acutely
1503 2663 1554 2694 for
1575 2664 1744 2704 Audroqy-

152 2729 225 2751 uem
239 2720 328 2751 iuter
342 2723 436 2749 utras
451 2727 509 2748 uec
524 2722 696 2757 utramque
712 2722 884 2757 utrumque.
901 2722 1065 2749 remotum.
1106 2719 1338 2759 Androqyuem
1353 2719 1518 2750 interutra
1533 2722 1745 2758 neutrumque

152 2775 306 2813 utrinque
322 2776 477 2803 remotam
493 2770 591 2802 Man:
615 2772 771 2811 utrinque
787 2770 816 2802 is
832 2771 869 2802 in
884 2772 978 2802 Brix.
1110 2772 1173 2803 841
1190 2773 1288 2804 Muta
1304 2773 1448 2811 Nauger.
1468 2772 1520 2802 for
1536 2772 1658 2802 Multa.

195 2826 258 2857 844
276 2826 366 2866 foret
388 2834 465 2855 usus
488 2823 608 2855 Lamb.
634 2823 686 2854 for
708 2825 795 2855 volet
817 2834 906 2863 usus,
933 2834 970 2856 as
993 2833 1027 2855 1v
1050 2824 1124 2855 831.
1309 2824 1372 2854 852
1393 2825 1548 2856 remissis.
1609 2824 1745 2855 remissa

152 2880 257 2912 Lach.
453 2879 516 2910 853
539 2880 696 2918 coniungi
714 2880 832 2919 possit,
859 2879 988 2910 habere.
1034 2879 1192 2918 conimzqi
1210 2879 1316 2919 possit
1339 2887 1434 2910 avere
1457 2876 1579 2909 Lamb.:
1611 2886 1631 2908 a
1654 2881 1744 2909 most

152 2932 320 2966 awkward
337 2931 477 2973 phrase:
501 2931 560 2963 the
577 2931 662 2963 wish
683 2932 720 2963 of
740 2932 797 2963 the
813 2932 937 2964 female
952 2931 982 2962 is
1002 2934 1063 2963 not
1084 2931 1286 2971 important.
1470 2930 1533 2962 854
1549 2931 1670 2961 Mutua
1686 2933 1744 2971 qui
