1997 3267
837 145 909 186 III
1573 156 1649 197 147

167 253 230 294 vis
261 251 405 301 animi,
434 251 517 293 nisi
548 251 629 293 erit
660 266 828 293 consors
859 251 903 291 in
935 251 1097 307 origine
1129 251 1299 306 prima?

166 320 322 377 quidve
354 321 462 362 foras
493 321 574 362 sibi
607 321 699 361 vult
730 319 933 361 membris
965 320 1080 361 exire
1112 320 1327 362 senectis?

167 404 220 429 an
252 388 409 429 metuit
439 388 634 429 conclusa
665 402 836 428 manere
868 387 913 427 in
945 401 1115 442 corpore
1146 388 1265 442 putri

166 463 210 498 et
241 457 391 498 domus
422 457 576 498 aetatis
606 456 745 512 spatio
774 470 829 497 ne
861 456 968 497 fessa
999 461 1169 497 vetusto

165 526 349 567 obruat?
388 531 434 567 at
463 541 548 567 non
579 530 681 567 sunt
711 524 944 565 immortali
975 524 1062 565 ulla
1093 525 1260 580 pericla.
1563 537 1642 580 775

222 595 421 649 Denique
453 594 634 636 conubia
663 594 717 635 ad
748 593 926 635 Veneris
956 599 1190 648 partusque
1222 594 1403 635 ferarum

165 677 255 704 esse
286 663 451 704 animas
481 668 650 718 praesto
681 662 965 704 deridiculum
997 677 1088 704 esse
1119 662 1301 713 videtur,

166 736 390 786 expectare
421 731 673 772 immortalis
705 730 903 772 mortalia
933 731 1125 772 membra

164 799 387 841 innumero
417 814 593 840 numero
623 803 868 853 certareque
899 805 1277 854 praeproperanter

164 868 277 909 inter
306 883 350 910 se
382 882 490 923 quae
520 868 659 922 prima
689 867 995 923 potissimaque
1026 867 1292 920 insinuetur3
1561 871 1645 922 780

164 937 199 978 si
231 952 313 978 non
346 937 452 978 forte
484 937 547 978 ita
577 941 678 977 sunt
708 936 948 977 animarum
979 936 1148 977 foedera
1177 942 1302 991 pacta

164 1010 214 1046 ut
245 1019 353 1060 quae
384 1005 521 1060 prima
552 1003 698 1044 volans
729 1003 950 1044 advenerit
980 1003 1225 1045 insinuetur

162 1073 301 1129 prima
330 1087 470 1127 neque
500 1071 614 1112 inter
644 1085 688 1112 se
720 1071 981 1113 contendant
1011 1071 1174 1113 viribus
1205 1073 1351 1115 hilum.

221 1141 418 1196 Denique
448 1140 493 1181 in
523 1139 695 1181 aethere
727 1154 811 1180 non
842 1140 976 1187 arbor,
1009 1155 1093 1181 non
1124 1156 1307 1196 aequore
1338 1142 1383 1183 in
1413 1142 1500 1184 alto

162 1209 298 1251 nubes
331 1224 419 1250 esse
451 1214 616 1264 queunt
646 1223 724 1250 nec
755 1209 890 1263 pisces
922 1209 1062 1250 vivere
1094 1210 1138 1250 in
1170 1211 1280 1251 arvis
1559 1213 1638 1263 785

161 1291 240 1318 nec
270 1291 391 1318 cruor
420 1277 464 1317 in
496 1276 622 1332 lignis
653 1291 791 1331 neque
822 1276 934 1317 saxis
965 1291 1091 1318 sucus
1122 1277 1269 1319 inesse.

161 1350 325 1387 certum
355 1360 403 1387 ac
434 1345 730 1400 dispositumst
761 1345 835 1386 ubi
867 1346 1061 1401 quicquit
1091 1353 1251 1388 crescat
1283 1352 1327 1389 et
1356 1347 1469 1389 insit.

162 1415 221 1457 sic
251 1415 383 1457 animi
413 1420 568 1456 natura
598 1415 750 1470 nequit
780 1415 871 1456 sine
903 1430 1073 1471 corpore
1103 1416 1203 1458 oriri

162 1484 249 1526 sola
279 1499 417 1540 neque
447 1499 473 1525 a
503 1485 643 1525 nervis
675 1489 718 1526 et
749 1484 957 1540 sanguine
989 1485 1173 1541 longiter
1204 1500 1304 1528 esse.

162 1553 275 1608 quod
306 1553 341 1594 si
372 1554 533 1609 (posset
565 1553 678 1594 enim
710 1554 848 1594 multo
878 1554 1015 1609 prius)
1046 1554 1137 1609 ipsa
1167 1554 1300 1595 animi
1333 1554 1398 1596 vis
1558 1565 1642 1608 790

160 1622 205 1663 in
236 1622 375 1677 capite
405 1627 481 1663 aut
512 1622 671 1663 umeris
701 1628 777 1663 aut
808 1622 905 1663 imis
936 1622 1122 1663 calcibus
1153 1636 1244 1664 esse

160 1696 302 1746 posset
333 1696 377 1732 et
407 1690 569 1731 innasci
602 1690 750 1745 quavis
781 1691 826 1731 in
857 1696 990 1745 parte,
1021 1691 1176 1732 soleret

161 1760 336 1802 tandem
366 1760 411 1800 in
442 1759 590 1801 eodem
623 1759 794 1801 homine
825 1765 955 1814 atque
986 1759 1032 1800 in
1063 1759 1211 1800 eodem
1242 1774 1339 1800 vase
1371 1774 1551 1801 manere.

161 1827 274 1884 quod
305 1828 505 1883 quoniam
536 1832 680 1869 nostro
712 1842 880 1883 quoque
911 1833 1077 1869 constat
1109 1842 1278 1882 corpore
1309 1833 1472 1869 certum

160 1896 501 1952 dispositumque
533 1896 702 1937 videtur
732 1896 807 1937 ubi
839 1911 928 1937 esse
959 1901 1004 1937 et
1035 1910 1219 1937 crescere
1250 1896 1382 1951 possit
1558 1906 1635 1949 795

160 1978 321 2006 sorsum
352 1963 495 2004 anima
523 1969 654 2018 atque
684 1963 862 2013 animus,
894 1969 1015 2005 tanto
1045 1965 1182 2020 magis
1212 1965 1486 2006 infitiandum

161 2037 301 2074 totum
332 2047 452 2087 posse
483 2037 604 2073 extra
634 2045 784 2086 corpus
814 2031 966 2073 durare
996 2034 1190 2088 genique.

160 2115 301 2156 quare,
331 2115 480 2155 corpus
510 2099 585 2140 ubi
615 2099 791 2148 interiit,
822 2100 996 2155 periisse
1027 2106 1240 2142 necessest

162 2169 389 2212 confiteare
419 2169 606 2210 animam
638 2168 886 2210 distractam
917 2169 963 2210 in
993 2184 1163 2225 corpore
1194 2175 1295 2212 toto.

161 2239 318 2294 quippe
349 2238 508 2280 etenim
540 2238 719 2279 mortale
750 2243 923 2279 aeterno
954 2238 1131 2294 iungere
1163 2244 1207 2280 et
1237 2254 1324 2281 una
1555 2241 1639 2281 800

160 2305 397 2348 consentire
428 2310 579 2361 putare
613 2311 657 2347 et
689 2305 810 2361 fungi
841 2312 993 2347 mutua
1021 2321 1142 2362 posse

159 2374 415 2430 desiperest3
455 2375 558 2430 quid
590 2374 704 2416 enim
735 2374 943 2416 diversius
974 2390 1064 2417 esse
1095 2375 1379 2431 putandumst

46 2488 126 2519 alto.
171 2487 256 2517 salso
276 2485 380 2517 Lach.
407 2485 549 2517 because
572 2487 657 2517 salso
681 2485 711 2517 is
734 2486 840 2518 found
862 2487 899 2517 in
922 2487 980 2518 the
1002 2487 1184 2527 repetition
1206 2489 1242 2520 of
1264 2488 1333 2519 this
1354 2498 1493 2528 passage
1515 2499 1535 2519 v
1558 2489 1635 2520 128:

47 2540 159 2572 butas
173 2541 273 2572 Luor.
290 2550 328 2572 so
344 2540 439 2571 often
455 2540 563 2572 varies
586 2540 622 2571 in
644 2540 728 2571 such
749 2541 875 2581 points,
897 2541 914 2572 I
935 2544 1061 2573 cannot
1082 2541 1182 2581 bring
1202 2543 1325 2583 myself
1348 2545 1383 2574 to
1404 2542 1525 2581 depart
1549 2542 1635 2573 from

46 2595 104 2626 the
119 2605 200 2626 mss.
374 2595 436 2626 789
454 2596 593 2634 loizyiter
607 2595 726 2627 Lamb.
746 2595 851 2627 Lach.
898 2597 1025 2635 lonyius
1041 2596 1087 2627 all
1103 2606 1184 2627 mss.
1202 2596 1283 2627 here
1299 2597 1367 2628 and
1384 2607 1404 2627 v
1420 2597 1500 2627 133:
1525 2606 1634 2636 comp.

47 2648 118 2681 676.
286 2649 456 2682 790-793
473 2658 528 2680 are
544 2649 699 2689 repeated
713 2659 735 2681 v
751 2650 920 2683 134—137
937 2649 1081 2681 without
1097 2650 1154 2681 the
1170 2660 1251 2682 mss.
1270 2650 1426 2689 differing
1441 2650 1477 2680 in
1494 2660 1513 2681 a
1531 2650 1638 2689 single

46 2702 156 2734 letter.
200 2702 218 2733 Ι
248 2702 361 2733 fiatter
386 2702 509 2742 myself
529 2702 547 2733 I
569 2702 654 2733 have
677 2702 774 2734 made
796 2702 854 2734 the
876 2713 1018 2743 passage
1041 2704 1129 2734 clear
1151 2704 1195 2744 by
1218 2714 1238 2735 a
1261 2706 1388 2735 correct
1410 2705 1636 2744 punctuation

46 2755 189 2787 without
209 2756 267 2787 the
287 2756 416 2796 change
436 2756 473 2787 of
493 2766 513 2787 a
532 2756 643 2787 word:
669 2757 731 2790 790
748 2762 859 2797 posset
880 2758 965 2788 enim
986 2759 1085 2788 multo
1105 2759 1200 2797 prius
1221 2758 1238 2788 I
1259 2758 1390 2788 enclose
1411 2757 1447 2788 in
1468 2757 1632 2797 brackets,

47 2809 114 2841 and
129 2808 228 2849 begin
245 2809 303 2840 the
319 2809 478 2849 apodosis
495 2811 529 2840 at
546 2811 671 2840 soleret.
716 2809 821 2841 Lach.
843 2810 923 2841 here
944 2811 1011 2841 and
1032 2810 1068 2841 in
1084 2821 1105 2841 v
1120 2810 1218 2842 reads
1242 2812 1330 2850 Quid
1349 2813 1379 2842 si
1398 2817 1505 2852 posset
1528 2816 1637 2844 enim?

46 2865 157 2895 multo.
202 2864 288 2896 Mar.
304 2863 380 2896 Ald.
399 2864 416 2894 1
434 2864 454 2895 J
458 2865 532 2896 unt.
550 2864 639 2904 vulg.
657 2864 730 2904 give
748 2866 821 2897 Hoc
837 2866 867 2896 si
878 2870 987 2906 posset
1003 2867 1098 2903 enim,
1115 2868 1225 2897 multo.
1425 2866 1488 2897 800
1503 2869 1637 2898 mortale

1386 2935 1524 2974 10—2
