1997 3267
873 197 945 238 ΙΙΙ
1648 208 1720 248 141

243 308 356 364 quod
386 322 521 364 genus
552 312 628 356 est,
660 306 802 347 animo
834 304 944 345 male
976 303 1138 344 factum
1173 318 1271 344 cum
1302 303 1557 358 perhibetur

243 382 320 418 aut
350 377 536 418 animam
570 375 766 430 liquisse3
808 373 884 414 ubi
915 372 1001 413 iam
1032 371 1277 426 trepidatur
1307 377 1351 412 et
1382 386 1527 412 omncs

244 450 484 487 extremum
515 443 696 498 cupiunt
726 442 841 483 vitae
872 440 1208 496 repraehendere
1240 439 1438 480 vinclum.

130 514 216 557 600
246 517 549 568 conquassatur
578 510 692 552 enim
724 514 818 550 tum
850 522 969 549 mens
999 507 1253 561 animaeque
1285 512 1477 561 potestas

245 580 382 622 omnis
412 585 456 621 et
488 579 591 620 haec
621 578 711 633 ipso
742 592 839 618 cum
871 590 1040 631 corpore
1072 574 1386 625 conlabefiunt;
1649 574 1727 626 585

246 655 297 691 ut
327 649 495 705 gravior
524 648 650 704 paulo
681 645 814 701 possit
845 644 1072 686 dissolvere
1105 657 1241 684 causa.

246 718 350 774 quid
381 717 554 759 dubitas
585 716 761 758 tandem
793 714 897 770 quin
928 718 1049 754 extra
1080 711 1251 767 prodita
1282 725 1432 766 corpus

247 786 446 828 inbecilla
477 786 584 827 foras
614 785 659 825 in
689 788 849 839 aperto,
881 781 1071 837 tegmine
1103 781 1290 835 dempto,

133 857 214 908 605
247 869 333 896 non
363 854 486 895 modo
516 868 601 894 non
631 866 800 894 omnem
831 851 965 906 possit
996 850 1148 891 durare
1179 864 1255 904 per
1285 863 1445 898 aevom,

248 923 321 965 sed
352 923 578 964 minimum
609 920 788 976 quodvis
819 925 1005 975 nequeat
1036 918 1265 960 consistere
1299 919 1501 972 tempus?
1650 926 1733 972 590

136 992 219 1047 576
248 1007 378 1047 quare
409 992 541 1033 etiam
571 995 702 1045 atque
733 989 863 1030 etiam
894 987 1079 1029 resoluto
1110 986 1294 1042 corporis
1325 987 1441 1028 omni

248 1060 439 1116 tegmine
470 1065 514 1101 et
546 1058 692 1100 eiectis
724 1063 845 1099 extra
876 1057 1080 1098 vitalibus
1111 1056 1227 1097 auris

248 1129 424 1171 dissolui
455 1143 602 1169 sensus
634 1127 765 1168 animi
797 1127 957 1168 fateare
988 1131 1202 1167 necessest

248 1203 379 1252 atque
409 1197 610 1245 animam,
640 1195 840 1251 quoniam
872 1195 1140 1236 coniunctast
1172 1208 1298 1234 causa
1328 1192 1505 1234 duobus.

138 1268 220 1320 580
307 1265 504 1320 Denique
535 1279 633 1306 cum
665 1278 815 1319 corpus
845 1268 1032 1318 nequeat
1062 1262 1248 1317 perferre
1279 1261 1438 1302 animai
1654 1268 1731 1314 595

249 1334 476 1376 discidium
506 1334 610 1389 quin
640 1333 686 1374 in
716 1339 856 1375 taetro
886 1333 1077 1374 tabescat
1109 1332 1246 1381 odore,

251 1403 354 1458 quid
384 1403 557 1444 dubitas
588 1403 692 1458 quin
723 1418 774 1444 ex
806 1403 892 1444 imo
923 1402 1182 1458 penitusque
1213 1405 1356 1442 coorta

251 1472 460 1513 emanarit
491 1472 557 1514 uti
588 1473 731 1514 fumus
761 1472 916 1513 diffusa
947 1472 1114 1512 animae
1147 1471 1224 1520 vis,

253 1546 384 1596 atque
414 1540 510 1582 ideo
541 1546 665 1582 tanta
695 1546 913 1582 mutatum
944 1546 1070 1595 putre
1102 1539 1227 1580 ruina

142 1611 218 1664 585
253 1609 484 1651 conciderit
514 1624 676 1665 corpus,
706 1609 881 1665 penitus
913 1609 1013 1664 quia
1045 1613 1161 1649 mota
1193 1607 1281 1648 loco
1313 1614 1415 1648 sunt
1654 1604 1738 1647 600

253 1678 543 1729 fundamenta,
574 1679 683 1720 foras
713 1679 857 1720 anima
888 1683 1118 1720 emanante
1149 1692 1225 1732 per
1256 1682 1374 1717 artus

253 1760 412 1802 perque
443 1747 608 1788 viarum
640 1747 777 1788 omnis
807 1747 952 1795 flexus,
984 1746 1029 1786 in
1060 1759 1231 1800 corpore
1262 1744 1337 1799 qui
1368 1749 1479 1793 sunt,

253 1819 383 1869 atque
414 1815 650 1856 foramina?
690 1815 956 1856 multimodis
987 1819 1037 1855 ut
1068 1828 1238 1855 noscere
1268 1813 1403 1868 possis

255 1882 526 1938 dispertitam
556 1883 723 1924 animae
754 1890 954 1924 naturam
987 1883 1124 1924 exisse
1155 1897 1232 1937 per
1261 1890 1381 1923 artus

144 1961 227 2007 590
256 1957 300 1993 et
330 1952 449 2007 prius
479 1967 569 1994 esse
601 1954 682 1994 sibi
713 1953 960 1994 distractam
993 1967 1164 2006 corpore
1194 1951 1240 1991 in
1270 1951 1373 2005 ipso,
1655 1948 1735 1999 605

255 2036 385 2076 quam
414 2022 609 2077 prolapsa
640 2022 748 2063 foras
779 2027 926 2063 enaret
956 2022 1001 2062 in
1031 2021 1140 2062 aeris
1169 2035 1303 2061 auras.

254 2103 333 2130 nec
363 2088 445 2130 sibi
475 2089 590 2130 enim
621 2089 846 2144 quisquam
878 2089 1061 2130 moriens
1092 2088 1250 2129 sentire
1282 2087 1453 2128 videtur

257 2160 318 2200 ire
349 2159 458 2200 foras
488 2159 676 2200 animam
708 2159 964 2200 incolumem
996 2158 1048 2199 de
1080 2172 1252 2212 corpore
1283 2161 1375 2198 toto

257 2242 335 2269 nec
365 2227 483 2283 prius
513 2227 567 2268 ad
597 2227 793 2282 iugulum
825 2232 869 2269 et
899 2241 1053 2281 supera
1084 2225 1306 2267 succedere
1338 2224 1492 2273 fauces,

258 2311 406 2338 verum
438 2296 617 2337 deficere
649 2295 695 2336 in
725 2301 842 2337 certa
871 2295 1043 2351 regione
1075 2295 1282 2344 locatam3
1655 2291 1743 2332 610

258 2370 309 2406 ut
339 2379 486 2406 sensus
516 2364 620 2406 alios
650 2364 695 2405 in
725 2364 839 2420 parti
869 2378 1081 2419 quemque
1114 2377 1190 2404 sua
1219 2361 1300 2403 scit

259 2433 445 2476 dissolui.
506 2433 618 2489 quod
649 2434 686 2475 si
715 2434 954 2475 inmortalis
985 2438 1130 2474 nostra
1160 2433 1268 2473 foret
1299 2445 1430 2481 mens,

259 2517 345 2543 non
375 2508 465 2543 tam
496 2517 539 2544 se
571 2503 756 2544 moriens
786 2503 959 2544 dissolvi
990 2506 1330 2557 conquereretur,

261 2571 333 2612 sed
365 2571 501 2626 magis
531 2571 593 2612 ire
624 2571 733 2612 foras
764 2576 1013 2627 vestemque
1044 2570 1294 2625 relinquere,
1326 2574 1376 2610 ut
1407 2567 1569 2624 anguis.

146 2671 230 2703 58οι
255 2670 349 2702 Nicc.
366 2671 459 2702 Mon.
476 2671 569 2703 Brix.
587 2671 664 2704 Ver.
684 2672 767 2705 Ven.
787 2672 872 2704 omit
887 2672 950 2705 579
967 2671 1036 2703 and
1053 2672 1126 2703 580.
1245 2671 1308 2702 580
1325 2674 1439 2701 trunco
1455 2666 1562 2700 added
1577 2666 1621 2707 by
1636 2664 1739 2698 Lach.

147 2727 264 2758 cadere
279 2727 389 2758 omnia
404 2736 534 2766 corpore
550 2728 691 2758 membra
706 2727 796 2758 Flor.
814 2727 854 2758 31
871 2726 987 2759 Camb.
1010 2727 1096 2757 Mar.
1115 2725 1203 2765 vulg.
1330 2724 1391 2756 581
1403 2723 1598 2764 perhibetur
1612 2721 1640 2752 B
1657 2730 1742 2752 corr.

148 2782 201 2813 for
211 2783 340 2822 peribet
355 2781 396 2820 B,
412 2783 577 2822 periberet
592 2782 621 2812 A
636 2781 728 2813 Nico.
861 2783 923 2815 591
942 2783 1050 2821 Quare
1067 2781 1158 2812 Nicc.
1176 2781 1204 2811 B
1220 2790 1304 2812 corr.
1322 2780 1373 2810 for
1393 2779 1490 2817 Quae.
1625 2775 1688 2808 597
1703 2785 1744 2807 ex

147 2835 237 2867 Flor.
255 2836 295 2867 31
312 2835 429 2867 Gamb.
446 2835 498 2867 for
513 2845 563 2866 ea.
721 2836 783 2868 598
799 2837 930 2868 animae
946 2837 997 2867 vis
1013 2835 1104 2866 Flor.
1122 2835 1161 2866 31
1180 2834 1298 2866 Camb.
1314 2834 1390 2865 Ver.
1407 2832 1490 2863 Ven.
1508 2830 1594 2861 Mar.
1612 2832 1674 2861 etc.
1692 2829 1745 2862 for

148 2890 262 2920 anima
284 2890 363 2920 eius.
531 2888 592 2921 601
611 2890 707 2930 foras
730 2891 846 2922 anima
868 2896 1041 2923 emanante
1064 2890 1162 2922 Wak.
1187 2889 1238 2920 for
1256 2890 1352 2929 foras
1375 2891 1512 2919 manant
1537 2886 1744 2926 animaeque.

144 2945 238 2985 foras
262 2949 414 2976 manante
438 2946 551 2976 anima
572 2955 672 2985 usque
696 2944 800 2978 Lach.
979 2945 1074 2976 After
1098 2944 1160 2976 614
1184 2944 1269 2975 Mar.
1294 2942 1370 2974 Ald.
1397 2941 1414 2972 1
1438 2941 1534 2972 Junt.
1560 2939 1648 2979 vulg.
1676 2937 1743 2970 add
