1997 3267
904 179 924 220 Ι
1643 195 1694 236 59

214 299 292 326 nec
322 285 480 327 totiens
511 287 673 342 possint
703 287 940 341 generatim
971 288 1109 329 saecla
1139 288 1294 330 referre

213 360 412 395 naturam
444 369 580 396 mores
611 355 773 396 victum
804 361 1031 411 motusque
1064 363 1304 412 parentum.

272 423 382 463 Tum
413 438 535 479 porro
566 424 767 478 quoniam
799 429 864 465 est
895 431 1136 466 extremum
1168 425 1367 481 quodque
1399 441 1601 469 cacumen

893 507 915 528 a*

213 559 396 615 corporis
426 559 540 600 illius
570 559 682 614 quod
713 560 847 601 nostri
878 575 1047 602 cernere
1078 576 1226 602 sensus
1608 564 1694 605 600

213 628 299 669 iam
330 635 577 684 nequeunt:
622 628 665 669 id
696 629 900 669 nimirum
932 629 1023 670 sine
1056 630 1252 685 partibus
1283 637 1402 672 extat

213 701 258 737 et
288 696 467 737 minima
495 701 662 737 constat
693 703 850 737 natura
880 712 957 738 nec
989 697 1071 739 fuit
1102 713 1306 754 umquam

213 779 289 820 per
318 780 362 806 se
393 770 603 806 secretum
634 780 772 820 neque
803 766 980 821 posthac
1012 782 1102 808 esse
1134 768 1306 817 valebit,

212 833 388 875 alterius
418 833 662 889 quoniamst
693 834 834 889 ipsum
866 849 973 889 pars,
1005 836 1225 891 primaque
1256 842 1301 878 et
1333 851 1417 877 una

212 901 312 943 inde
342 901 450 943 aliae
481 908 610 957 atque
641 902 749 943 aliae
780 902 940 944 similes
972 918 1022 944 ex
1054 903 1199 945 ordine
1231 910 1373 960 partes
1607 905 1688 957 605

212 971 384 1028 agmine
414 971 624 1013 condenso
656 977 856 1013 naturam
887 973 1070 1027 corporis
1101 974 1287 1028 explent,

212 1055 321 1096 quae
352 1041 553 1096 quoniam
584 1056 659 1096 per
688 1056 732 1082 se
763 1049 984 1097 nequeunt
1015 1050 1218 1090 constare,
1250 1047 1462 1085 necessest

213 1108 385 1151 haerere
417 1109 530 1151 unde
561 1116 722 1165 queant
753 1110 872 1152 nulla
903 1111 1068 1152 ratione
1100 1112 1257 1153 revelli.

211 1183 315 1220 sunt
346 1178 480 1234 igitur
510 1179 645 1220 solida
675 1179 907 1234 primordia
939 1180 1216 1235 simplicitate

212 1261 322 1304 quae
353 1247 541 1289 minimis
570 1249 731 1304 stipata
760 1244 988 1291 cohaerent
1018 1251 1213 1305 partibus
1243 1257 1347 1302 arte,
1605 1252 1692 1293 610

211 1330 296 1357 non
327 1331 378 1358 ex
409 1316 578 1358 illarum
609 1324 822 1359 conventu
853 1318 1088 1368 conciliata,

210 1384 286 1426 sed
316 1385 452 1441 magis
481 1392 654 1427 aeterna
684 1387 891 1442 pollentia
921 1387 1207 1442 simplicitate,

211 1453 325 1495 unde
355 1469 493 1510 neque
524 1454 650 1496 avelli
681 1455 906 1511 quicquam
941 1471 1078 1511 neque
1110 1456 1300 1497 deminui
1332 1455 1415 1498 iam

210 1521 405 1563 concedit
434 1527 590 1563 natura
620 1537 840 1564 reservans
871 1524 1035 1565 semina
1064 1524 1201 1565 rebus.

209 1596 430 1647 praeterea
460 1591 542 1632 nisi
572 1591 654 1632 erit
685 1592 924 1641 minimum,
956 1593 1204 1647 parvissima
1233 1607 1426 1649 quaeque
1608 1594 1687 1645 615

210 1672 384 1714 corpora
412 1659 669 1700 constabunt
700 1675 751 1701 ex
783 1660 977 1715 partibus
1009 1660 1199 1710 infinitis,

211 1727 370 1782 quippe
401 1727 477 1768 ubi
507 1727 709 1770 dimidiae
740 1729 874 1783 partis
905 1744 1001 1784 pars
1031 1744 1198 1784 semper
1229 1729 1406 1771 habebit

211 1796 436 1837 dimidiam
467 1802 634 1852 partem
664 1812 743 1838 nec
773 1812 840 1839 res
871 1798 1095 1853 praefiniet
1128 1798 1224 1839 ulla.

211 1876 311 1918 ergo
341 1877 483 1903 rerum
514 1862 627 1904 inter
657 1878 868 1904 summam
900 1864 1207 1919 minimamque
1239 1864 1342 1920 quid
1373 1864 1512 1906 escit?

210 1930 272 1972 nil
303 1930 385 1971 erit
416 1935 466 1971 ut
496 1930 655 1981 distet;
699 1946 798 1972 nam
830 1932 1024 1986 quamvis
1055 1932 1250 1973 funditus
1281 1932 1417 1973 omnis
1604 1935 1690 1974 620

210 2013 379 2041 summa
407 1998 464 2040 sit
495 1999 676 2048 infinita,
708 2005 864 2048 tamen,
896 2000 1147 2055 parvissima
1177 2015 1285 2056 quae
1315 2008 1430 2052 sunt,

210 2082 264 2110 ex
293 2067 474 2109 infinitis
506 2068 764 2109 constabunt
795 2069 990 2124 partibus
1021 2085 1166 2126 aeque.

213 2136 326 2193 quod
357 2136 559 2192 quoniam
590 2137 700 2178 ratio
731 2138 934 2180 reclamat
965 2154 1063 2180 vera
1093 2144 1309 2195 negatque

159 2280 350 2314 599—634:
384 2280 455 2312 this
481 2290 622 2322 passage
652 2281 763 2313 which
789 2281 819 2313 is
849 2281 1004 2320 difficult,
1031 2282 1092 2313 but
1123 2284 1184 2314 not
1213 2284 1363 2322 corrupt,
1387 2281 1452 2314 has
1480 2282 1565 2314 been
1595 2281 1691 2323 sadly

94 2335 275 2368 mutilated
297 2335 341 2376 by
363 2335 411 2368 all
433 2335 561 2368 editors
584 2337 671 2368 from
694 2336 885 2368 Lambinus
909 2339 944 2368 to
967 2336 1170 2368 Lachmann
1194 2336 1262 2368 and
1288 2337 1451 2377 Bernays,
1478 2336 1552 2368 who
1580 2337 1627 2368 all
1653 2337 1690 2367 in

94 2390 253 2422 different
275 2400 367 2431 ways
393 2391 483 2422 force
509 2400 554 2422 on
579 2391 759 2422 Lucretius
785 2401 805 2423 a
833 2391 1024 2423 succession
1053 2392 1089 2422 of
1117 2391 1242 2423 absurd
1268 2391 1336 2423 and
1363 2391 1692 2431 sels-contradictory

94 2446 290 2478 assertione.
339 2445 448 2477 There
470 2455 577 2477 seems
600 2446 687 2478 after
711 2447 772 2479 599
797 2448 831 2477 to
855 2445 894 2477 be
918 2456 938 2478 a
961 2446 1076 2477 hiatus
1100 2446 1184 2477 such
1211 2455 1248 2477 as
1276 2445 1346 2476 this
1371 2446 1580 2485 Corporibus,
1605 2446 1692 2485 quod

93 2500 163 2531 iam
186 2500 280 2531 nobis
303 2501 475 2531 minimum
499 2509 564 2530 esse
588 2501 731 2536 videtur,
756 2501 860 2531 Debet
885 2502 964 2531 item
988 2502 1117 2531 rarione
1141 2501 1219 2540 pari
1245 2502 1418 2531 minimum
1445 2509 1510 2530 esse
1539 2509 1689 2530 cacumen

96 2553 252 2593 Corporis
274 2555 358 2585 cet.:
390 2552 522 2585 besides
543 2552 615 2584 this
638 2554 774 2585 illarum
797 2553 849 2585 for
874 2555 1005 2585 illorum
1028 2553 1064 2584 in
1089 2554 1150 2585 611
1174 2553 1204 2584 is
1227 2553 1286 2584 the
1310 2553 1381 2584 sole
1403 2553 1534 2593 change
1561 2553 1578 2584 Ι
1604 2553 1691 2585 have

93 2606 206 2644 made,
223 2608 289 2638 two
309 2616 348 2638 or
368 2606 462 2638 three
483 2606 589 2647 slight
610 2607 679 2638 and
699 2607 840 2639 obvious
860 2618 970 2639 errors
990 2608 1026 2639 of
1047 2608 1104 2639 AB
1126 2608 1252 2647 having
1273 2607 1357 2638 been
1380 2607 1550 2639 corrected
1573 2607 1609 2638 in
1633 2607 1690 2639 the

84 2658 181 2711 Qater
195 2670 278 2692 mss.
294 2670 333 2692 or
348 2661 442 2693 older
455 2660 623 2693 editions:
648 2662 711 2694 599
726 2662 780 2693 for
800 2664 955 2702 quoniam
975 2662 1079 2694 Lach.
1100 2664 1268 2702 quianam,
1288 2662 1390 2693 Bern.
1407 2662 1491 2702 quod
1513 2664 1600 2692 iam:
1627 2662 1690 2694 600

94 2714 147 2747 for
162 2716 258 2746 illius
272 2714 375 2747 Lach.
396 2714 466 2746 and
479 2715 580 2747 Bern.
600 2716 716 2748 ullius.
735 2716 854 2748 Lamb.
876 2718 1032 2756 quoniam
1047 2721 1111 2748 ext.
1133 2718 1314 2756 quoiusque
1331 2726 1358 2746 c.
1379 2716 1453 2747 Gor.
1471 2720 1518 2747 est
1533 2717 1686 2755 aliquod:

95 2769 158 2801 611
183 2769 286 2801 Lach.
314 2771 458 2801 ullorum
483 2769 569 2801 after
593 2769 670 2801 Ald.
696 2772 713 2801 1
741 2770 838 2801 Junt.
861 2771 979 2803 Lamb.
1007 2774 1091 2802 etc.:
1125 2770 1188 2802 628
1215 2770 1284 2802 and
1309 2771 1370 2802 631
1393 2770 1514 2801 Lamb.
1538 2771 1692 2803 followed

94 2822 140 2863 by
154 2822 200 2854 all
216 2822 422 2862 Subsequent
437 2823 564 2854 editors
579 2824 766 2863 perversely
781 2823 879 2855 reads
898 2826 933 2855 ni
950 2823 1002 2855 for
1017 2826 1056 2862 si,
1076 2825 1189 2854 multis
1205 2824 1258 2854 for
1272 2825 1384 2855 nullis.
1517 2823 1579 2855 608
1597 2826 1689 2856 nulla

94 2876 184 2909 Flor.
201 2877 242 2908 31
258 2877 334 2908 Ver.
351 2876 435 2909 Ven.
452 2880 515 2909 etc.
532 2878 584 2909 for
598 2879 682 2909 ulla.
726 2884 764 2909 at
779 2883 942 2918 nequeant
959 2879 1031 2910 alla
1046 2878 1074 2909 B
1092 2887 1175 2909 corr.
1196 2877 1307 2909 which
1323 2887 1404 2918 may
1419 2877 1460 2908 be
1476 2877 1577 2917 right.

159 2931 222 2963 613
245 2932 315 2963 iam
335 2930 426 2963 Flor.
450 2932 491 2963 31
515 2931 591 2964 Ver.
618 2931 702 2963 Ven.
727 2934 791 2964 etc.
814 2932 867 2963 for
890 2937 969 2963 tam.
1062 2931 1125 2964 626
1148 2936 1294 2963 constent
1316 2930 1391 2963 Ald.
1417 2931 1513 2964 Junt.
1541 2932 1594 2964 for
1616 2943 1688 2965 con-
