1997 3267
946 165 1020 207 III
1721 176 1795 219 153

308 273 411 330 quid
441 271 757 328 respondemus,
787 271 870 313 nisi
901 271 1060 313 iustam
1091 270 1316 312 intendere
1348 270 1469 312 litem
1711 281 1798 323 950

307 348 507 383 naturam
538 347 582 382 et
615 356 757 382 veram
790 340 930 382 verbis
961 354 1172 395 exponere
1203 342 1408 381 causam?

192 421 272 464 955
306 410 505 467 grandior
536 409 604 450 hic
635 424 733 451 vero
765 409 801 450 si
832 409 921 450 iam
954 408 1182 463 seniorque
1213 414 1422 463 queratur

193 492 276 534 952
308 485 438 535 atque
470 479 634 520 obitum
668 478 930 519 lamentetur
962 477 1091 518 miser
1121 476 1307 532 amplius
1339 491 1488 532 aequo,

309 562 391 589 non
424 547 576 588 merito
608 547 810 587 inclamet
842 545 978 601 magis
1009 550 1053 587 et
1084 560 1184 586 voce
1216 545 1411 600 increpet
1442 544 1559 586 aeri?

192 627 279 672 954
309 616 451 657 ‘aufer
480 616 636 657 abhinc
667 615 870 663 lacrimas,
902 614 1078 664 balatro,
1109 620 1152 655 et
1184 628 1403 669 compesce
1434 613 1653 670 querellas.
1709 623 1788 666 955

310 685 453 727 omnia
484 686 734 740 perfunctus
766 683 872 725 vitai
902 683 1093 739 praemia
1126 697 1297 724 marces.

308 754 382 796 sed
414 754 516 809 quia
545 769 713 809 semper
743 768 841 794 aves
872 753 983 808 quod
1016 752 1150 801 abest,
1181 752 1425 808 praesentia
1455 752 1624 801 temnis,

309 823 545 879 inperfecta
576 823 657 864 tibi
689 822 874 877 elapsast
906 821 1161 876 ingrataque
1195 820 1283 861 vita

311 898 355 935 et
386 908 464 934 nec
494 892 687 948 opinanti
720 906 831 933 mors
861 890 915 931 ad
947 896 1077 945 eaput
1109 889 1280 931 adstitit
1311 894 1412 931 ante

311 975 441 1016 quam
471 967 591 1001 satur
621 974 668 1001 ac
699 959 852 1015 plenus
882 958 1016 1013 possis
1047 957 1259 999 discedere
1290 972 1442 998 rerum.
1714 958 1800 1010 960

310 1043 425 1069 nunc
456 1028 596 1069 aliena
625 1033 702 1069 tua
732 1033 878 1068 tamen
909 1031 1053 1067 aetate
1085 1026 1228 1067 omnia
1260 1025 1386 1066 mitte

311 1112 447 1153 aequo
477 1097 703 1152 animoque
735 1097 920 1152 agedum
952 1110 1134 1151 magnus
1164 1094 1368 1136 concede:
1410 1093 1645 1135 necessest?

312 1166 415 1215 iure,
446 1171 496 1207 ut
527 1166 685 1221 opinor,
716 1172 829 1221 agat,
861 1165 952 1206 iure
984 1164 1176 1219 increpet
1208 1163 1465 1218 inciletque3

312 1234 427 1277 cedit
458 1235 573 1276 enim
604 1249 747 1275 rerum
778 1234 970 1275 novitate
1003 1239 1177 1275 extrusa
1207 1238 1402 1273 vetustas

312 1318 489 1359 semper,
521 1309 565 1344 et
596 1317 647 1344 ex
678 1303 774 1343 aliis
804 1302 922 1343 aliud
954 1316 1148 1357 reparare
1179 1307 1417 1351 necessest;
1717 1302 1798 1353 965

312 1388 390 1414 nec
421 1373 648 1428 quisquam
678 1372 723 1413 in
754 1372 1006 1414 barathrum
1038 1386 1115 1412 nec
1147 1371 1327 1412 Tartara
1356 1369 1530 1411 deditur
1559 1374 1673 1410 atra:

312 1442 513 1484 materies
544 1457 651 1498 opus
682 1447 747 1483 est
779 1447 828 1483 ut
859 1447 1051 1483 crescant
1083 1446 1254 1496 postera
1285 1440 1447 1491 saecla3

314 1525 423 1566 quae
454 1516 599 1552 tamen
631 1511 775 1552 omnia
805 1517 849 1552 te
880 1511 971 1552 vita
1001 1511 1228 1566 perfuncta
1258 1515 1517 1565 sequentum

313 1595 392 1622 nec
423 1580 565 1621 minus
595 1595 694 1636 ergo
726 1585 827 1621 ante
859 1580 963 1621 haee
995 1594 1124 1635 quam
1155 1584 1205 1620 tu
1236 1578 1436 1627 cecidere,
1468 1577 1716 1633 cadentque.

315 1649 375 1691 sic
405 1649 491 1690 alid
523 1664 575 1691 ex
605 1649 688 1690 alio
718 1664 956 1704 numquam
989 1648 1169 1690 desistet
1200 1648 1300 1689 oriri
1719 1658 1804 1700 970

316 1717 491 1773 vitaque
523 1717 735 1772 mancipio
766 1717 876 1758 nulli
906 1717 1047 1766 datur,
1077 1716 1276 1758 omnibus
1306 1729 1400 1756 usu.

316 1785 478 1841 respice
509 1785 614 1827 item
646 1800 776 1841 quam
807 1785 868 1826 nil
899 1785 953 1826 ad
984 1800 1060 1826 nos
1090 1790 1291 1826 anteacta
1310 1787 1512 1825 vetustas

317 1855 522 1910 temporis
552 1855 717 1896 aeterni
748 1855 890 1905 fuerit,
921 1869 1051 1910 quam
1081 1854 1297 1895 nascimur
1327 1858 1438 1895 ante.

317 1924 396 1965 hoc
426 1924 560 1980 igitur
589 1924 811 1979 speculum
842 1924 964 1965 nobis
995 1930 1151 1965 natura
1181 1923 1317 1965 futuri

319 1993 523 2048 temporis
555 1993 731 2048 exponit
761 1999 858 2048 post
888 1999 1072 2035 mortem
1103 1993 1288 2048 denique
1319 1997 1519 2033 nostram.
1719 2000 1800 2044 975

317 2061 529 2117 numquid
560 2061 621 2103 ibi
651 2062 853 2103 horribile
885 2067 1075 2118 apparet,
1107 2077 1212 2103 num
1243 2062 1368 2103 triste
1399 2060 1571 2102 videtur

320 2131 560 2187 quicquam,
590 2146 677 2172 non
706 2132 823 2173 omni
854 2147 1000 2173 somno
1031 2132 1220 2173 securius
1251 2133 1424 2173 exstat?

377 2202 524 2257 Atque
555 2216 606 2243 ea
634 2201 840 2243 nimirum
870 2216 1165 2257 quaecumque
1195 2200 1445 2242 Acherunte
1476 2197 1685 2255 profundo

319 2270 490 2327 prodita
520 2275 622 2312 sunt
653 2285 754 2320 esse,
785 2270 830 2311 in
861 2270 952 2311 vita
982 2275 1084 2312 sunt
1115 2269 1259 2311 omnia
1290 2268 1421 2310 nobis.

205 2431 248 2463 si.
408 2429 471 2461 952
492 2428 580 2471 (955)
597 2428 717 2469 placed
737 2428 816 2459 here
837 2428 912 2460 first
931 2428 978 2468 by
992 2427 1098 2459 Lach.
1251 2427 1315 2460 955
1339 2427 1469 2458 balatro
1491 2425 1621 2457 certain
1641 2424 1753 2457 critics
1770 2428 1807 2456 in

207 2483 357 2515 Turneb.
374 2483 504 2514 advers.
521 2482 590 2514 and
606 2482 726 2514 Heius.
743 2482 780 2513 in
797 2492 862 2514 ms.
879 2485 978 2514 notes
994 2483 1047 2513 for
1065 2484 1207 2514 baratre.
1254 2483 1355 2513 barde
1371 2480 1448 2512 Ald.
1467 2482 1484 2511 1
1500 2481 1596 2513 Junt.
1615 2482 1677 2512 not
1694 2480 1777 2512 Mar.

251 2539 314 2572 958
343 2538 527 2578 inperfecta
550 2537 640 2568 Flor.
665 2537 705 2568 31
730 2536 846 2569 Camb.
882 2536 935 2568 for
966 2537 1155 2577 inperfecte.
1350 2535 1414 2568 960
1444 2536 1608 2566 discedere
1632 2534 1724 2565 Nice.
1756 2535 1810 2566 for

207 2593 344 2624 discere.
497 2591 561 2623 962
584 2592 724 2631 ayedmn
739 2590 832 2623 Nice.
851 2590 905 2622 for
921 2592 1091 2631 ayendum.
1140 2600 1278 2630 magnus
1297 2593 1304 2607 ‘
1316 2599 1435 2621 censor
1452 2589 1570 2620 Orellii
1585 2588 1721 2620 Ienenis
1733 2588 1740 2602 ⁹
1756 2589 1810 2620 for

207 2647 345 2686 magmis.
394 2647 464 2677 iam
483 2646 565 2676 aliis
585 2645 670 2677 Mar.
694 2645 771 2676 Ald.
794 2645 812 2675 1
836 2645 932 2676 Junt.
954 2644 1045 2685 vulg.
1092 2645 1203 2683 dignis
1223 2643 1329 2675 Lach.
1375 2645 1487 2684 ynatis
1507 2644 1608 2674 Bern.
1657 2644 1809 2675 humanis

210 2698 280 2730 and
303 2708 395 2739 maye
416 2699 462 2729 sis
482 2697 548 2729 Ed.
574 2698 747 2738 formerly.
879 2698 943 2729 966
966 2699 1098 2729 deditur
1122 2697 1150 2728 A
1174 2696 1265 2729 Nicc.
1316 2697 1410 2727 dedit
1433 2696 1472 2728 B.
1523 2697 1647 2727 decidit
1669 2695 1696 2726 B
1720 2705 1806 2728 corr.

210 2752 329 2784 Lamb.
434 2752 497 2784 978
513 2752 619 2791 Atque
636 2761 676 2782 ea
692 2752 851 2782 nimirum
865 2751 924 2782 AB
941 2751 1032 2783 Flor.
1050 2752 1089 2782 31
1104 2750 1220 2783 Camb.
1240 2752 1260 2782 2
1276 2750 1354 2782 Vat.
1370 2751 1524 2782 Priscian
1539 2750 1677 2791 rightly.
1715 2751 1809 2783 Nice.

209 2807 273 2838 has
291 2809 399 2847 Atque
420 2808 606 2837 animarum
626 2808 747 2838 etiam:
771 2816 792 2838 a
814 2808 951 2846 strange
972 2816 1064 2838 error
1079 2805 1191 2837 which
1211 2805 1241 2836 is
1261 2805 1419 2846 repeated
1434 2806 1477 2845 by
1492 2806 1512 2836 2
1528 2805 1605 2837 Vat.
1621 2805 1715 2836 Brix.
1732 2805 1809 2837 Ver.

210 2863 293 2894 Ven.
319 2862 405 2893 Mar.
425 2860 500 2893 Ald.
527 2861 544 2891 1
566 2860 634 2892 and
656 2862 685 2897 2,
702 2861 821 2893 Junt.:
844 2860 903 2892 the
923 2861 990 2892 last
1011 2860 1088 2892 four
1108 2860 1190 2892 read
1211 2862 1328 2901 Atqui.
1373 2860 1499 2891 Avanc.
1517 2859 1670 2891 however
1692 2862 1728 2892 at
1751 2860 1809 2892 the

211 2916 278 2949 end
298 2916 334 2948 of
354 2915 410 2947 his
431 2915 588 2947 Catullus
607 2914 736 2956 rightly
750 2915 873 2947 recalls
892 2917 999 2956 Atque
1020 2925 1061 2947 ea
1078 2916 1236 2947 nimirum
1248 2928 1258 2955 ;
1281 2924 1320 2947 as
1339 2914 1382 2947 do
1405 2914 1526 2946 Lamb.
1549 2913 1637 2954 vulg.
1664 2914 1725 2946 but
1748 2917 1809 2946 not
