1997 3267
247 210 259 237 1
271 207 324 249 70
1004 193 1067 234 IV

354 303 429 344 fiet
459 303 532 352 ita,
562 308 662 343 ante
694 301 840 342 oculus
871 301 1000 341 fuerit
1033 301 1106 355 qui
1138 300 1300 349 dexter,
1331 306 1381 341 ut
1412 301 1526 342 idem
1752 312 1833 354 300

244 382 319 424 325
353 386 466 412 nunc
497 370 553 411 sit
584 370 740 418 laevus,
773 374 817 410 et
848 384 871 410 e
902 369 1022 410 laevo
1053 369 1109 410 sit
1140 374 1294 410 mutua
1323 369 1482 410 dexter.

356 438 406 479 fit
437 452 605 492 quoque
636 437 688 478 de
719 437 890 491 speculo
920 436 965 477 in
996 437 1216 491 speculum
1249 442 1297 478 ut
1328 437 1523 478 tradatur
1553 437 1704 493 imago,

354 505 543 560 quinque
574 504 705 546 etiam
736 519 856 545 sexve
887 509 936 544 ut
967 503 1058 545 fieri
1089 504 1316 545 simulacra
1345 504 1521 545 suerint.

354 589 453 615 nam
485 587 777 628 quaecumque
808 578 921 613 retro
951 578 1073 627 parte
1104 572 1305 614 interiore
1337 572 1546 622 latebunt,

355 641 454 682 inde
485 647 642 690 tamen,
675 639 869 694 quamvis
898 644 1011 680 torte
1041 640 1299 694 penitusque
1329 647 1503 689 remota,
1751 649 1829 692 305

246 722 327 763 330
357 709 500 750 onmia
530 723 604 763 per
634 708 765 748 flexos
795 707 939 748 aditus
970 707 1124 748 educta
1155 707 1301 749 licebit

355 777 549 832 pluribus
580 776 683 816 haec
714 774 896 829 speculis
927 774 1152 816 videantur
1182 775 1227 816 in
1257 775 1434 817 aedibus
1465 791 1567 818 esse.

356 860 490 900 usque
520 845 624 886 adeo
655 844 826 899 speculo
856 843 901 884 in
932 844 1150 898 speculum
1181 845 1414 885 translucet
1443 845 1596 901 imago,

356 920 401 956 et
431 929 528 955 cum
560 913 680 953 laeva
709 912 811 953 data
842 917 919 961 est,
949 911 999 953 fit
1030 927 1175 952 rusum
1207 918 1257 953 ut
1287 913 1462 954 dextera
1494 913 1579 962 fiat,

356 982 455 1024 inde
486 988 598 1023 retro
629 995 797 1021 rursum
828 980 942 1021 redit
973 986 1017 1021 et
1047 981 1311 1021 convertitur
1341 981 1500 1022 eodem.
1753 993 1836 1036 310

247 1062 324 1105 335
359 1052 462 1106 quin
494 1051 624 1092 etiam
657 1064 950 1105 quaecumque
981 1049 1191 1090 latuscula
1221 1055 1322 1091 sunt
1353 1050 1619 1104 speculorum

358 1120 542 1162 adsimili
572 1119 717 1160 lateris
749 1119 912 1159 flexura
940 1118 1135 1173 praedita
1165 1118 1312 1168 nostri,

359 1188 535 1230 dextera
565 1203 615 1229 ea
645 1194 818 1242 propter
846 1187 969 1228 nobis
999 1187 1225 1228 simulacra
1254 1187 1496 1238 remittunt,

359 1262 436 1296 aut
467 1255 567 1310 quia
597 1255 649 1296 de
681 1254 851 1309 speculo
882 1254 927 1295 in
958 1254 1178 1309 speculum
1210 1255 1465 1296 transfertur
1494 1256 1646 1312 imago,

359 1323 458 1364 inde
490 1323 543 1364 ad
572 1338 649 1363 nos
680 1323 782 1364 elisa
811 1322 877 1363 bis
907 1322 1089 1371 advolat,
1120 1328 1196 1363 aut
1228 1323 1358 1363 etiam
1390 1323 1501 1378 quod
1753 1336 1830 1378 315

250 1403 331 1443 340
361 1391 517 1431 circum
548 1391 702 1446 agitur,
733 1404 828 1430 cum
860 1389 989 1438 venit,
1020 1389 1160 1445 imago
1191 1396 1415 1444 propterea
1445 1391 1558 1445 quod

361 1458 471 1498 flexa
500 1457 637 1512 figura
666 1457 789 1498 docet
819 1457 981 1511 speculi
1011 1458 1247 1498 convertier
1276 1455 1329 1498 ad
1359 1473 1446 1500 nos.

361 1525 586 1582 indugredi
616 1540 737 1580 porro
768 1525 926 1580 pariter
956 1524 1179 1566 simulacra
1210 1526 1446 1581 pedemque

362 1609 517 1650 ponere
549 1594 769 1635 nobiscum
800 1593 944 1634 credas
974 1599 1229 1649 gestumque
1260 1595 1421 1635 imitari

362 1670 584 1719 propterea
614 1663 724 1718 quia,
756 1663 808 1704 de
839 1663 999 1717 speculi
1031 1678 1115 1717 qua
1146 1669 1267 1718 parte
1297 1665 1478 1715 recedas,
1753 1677 1835 1720 320

251 1744 328 1784 345
362 1733 562 1773 continuo
592 1737 812 1786 nequeunt
843 1731 959 1772 illinc
989 1731 1215 1772 simulacra
1243 1733 1425 1784 reverti,

363 1800 504 1841 omnia
534 1799 875 1854 quandoquidem
906 1800 1019 1854 cogit
1049 1805 1204 1840 natura
1233 1800 1379 1841 referri

362 1884 410 1910 ac
439 1869 598 1909 resilire
628 1868 682 1909 ab
713 1868 838 1909 rebus
869 1868 922 1908 ad
953 1882 1109 1922 aequos
1139 1868 1307 1909 reddita
1338 1868 1483 1910 flexus.

250 1950 332 1990 299
420 1937 650 1992 Splendida
682 1951 803 1991 porro
834 1937 944 1977 oculi
977 1936 1165 1992 fugitant
1199 1937 1421 1992 vitantque
1450 1937 1574 1980 tueri.

362 2007 422 2047 sol
452 2006 583 2047 etiam
614 2011 768 2054 caecat,
799 2011 945 2046 contra
975 2004 1010 2045 si
1042 2004 1216 2045 tendere
1247 2019 1407 2060 pergas,
1755 2017 1831 2059 325

362 2079 586 2130 propterea
615 2073 716 2128 quia
745 2073 808 2113 vis
839 2079 1035 2128 magnast
1066 2072 1200 2127 ipsius
1231 2078 1274 2113 et
1304 2073 1390 2114 alte

362 2158 458 2184 aera
488 2157 562 2197 per
591 2157 746 2197 purum
777 2141 965 2197 graviter
995 2140 1221 2181 simulacra
1251 2141 1446 2182 feruntur

364 2216 407 2252 et
438 2210 596 2251 feriunt
626 2210 766 2250 oculos
796 2208 1018 2249 turbantia
1047 2209 1363 2263 composituras.

363 2284 582 2333 praeterea
611 2277 808 2332 splendor
838 2277 1095 2331 quicumque
1128 2282 1193 2317 est
1222 2291 1317 2317 acer
1346 2276 1489 2319 adurit

252 2359 328 2399 305
363 2361 487 2400 saepe
518 2345 657 2385 oculos
687 2345 782 2385 ideo
813 2344 925 2399 quod
955 2345 1117 2385 semina
1147 2344 1333 2398 possidet
1363 2344 1473 2399 ignis
1750 2357 1834 2400 330

364 2412 510 2460 multa,
541 2411 725 2451 dolorem
757 2411 889 2451 oculis
920 2425 1028 2465 quae
1058 2410 1244 2466 gignunt
1275 2411 1538 2454 insinuando,

248 2562 397 2594 Politian
418 2560 626 2601 apparently,
648 2559 717 2591 and.
737 2559 824 2591 Mar.
846 2560 919 2599 give
933 2559 992 2591 the
1013 2569 1106 2591 same
1127 2559 1222 2591 order
1242 2570 1280 2592 as
1301 2560 1360 2592 the
1382 2561 1478 2593 Junt.
1497 2561 1560 2593 viZ.
1583 2563 1645 2594 298
1666 2562 1835 2595 323—325

248 2616 418 2648 299—322
435 2614 602 2645 348—352
620 2613 789 2644 326—341
802 2614 972 2644 353—363
985 2614 1154 2646 342—347
1171 2614 1233 2644 364
1249 2614 1285 2645 of
1299 2614 1357 2646 the
1373 2624 1436 2645 ms.
1450 2615 1557 2652 order,
1572 2625 1609 2646 or
1624 2615 1701 2648 that
1716 2626 1761 2648 on
1776 2617 1834 2648 the

247 2672 308 2702 left
325 2671 359 2701 of
375 2680 431 2709 my
447 2668 584 2699 edition.
719 2669 781 2700 299
798 2674 828 2698 et
845 2669 960 2699 elisam
974 2668 1002 2698 B
1019 2678 1102 2699 corr.
1120 2668 1210 2699 Flor.
1229 2669 1267 2699 31
1285 2669 1402 2700 Camb.
1420 2670 1472 2701 for
1488 2674 1519 2701 et
1535 2671 1641 2701 lisam.
1771 2672 1835 2704 300

249 2726 324 2756 Fiet
340 2725 399 2762 ita,
419 2727 494 2753 ante
510 2720 614 2752 Lach.
634 2721 686 2751 for
701 2722 776 2751 Fiet
792 2725 828 2751 ut
843 2726 929 2752 ante.
976 2722 1052 2752 Fiet
1067 2723 1202 2753 ut...hic
1220 2724 1304 2752 idem
1320 2722 1405 2753 Mar.
1422 2722 1495 2753 Ald.
1518 2724 1535 2752 l
1551 2723 1649 2755 Junt.
1772 2726 1834 2758 303

248 2789 341 2810 sexve
358 2777 443 2808 Mar.
459 2776 556 2807 Junt.
574 2776 624 2806 for
639 2785 705 2805 sex.
751 2779 808 2805 aut
825 2784 880 2805 sex
895 2774 999 2806 Lach.
1199 2776 1261 2807 304
1278 2777 1426 2807 latebunt
1441 2776 1525 2807 Mar.
1541 2776 1616 2808 Aid.
1634 2777 1652 2808 1
1670 2777 1765 2809 Junt.
1782 2779 1834 2810 for

251 2833 374 2863 latebit.
577 2829 640 2859 310
655 2830 857 2859 convertitur
871 2828 976 2859 Lach.
993 2828 1045 2859 for
1060 2831 1237 2860 convertit:
1263 2839 1318 2860 see
1335 2830 1396 2861 295
1413 2829 1481 2861 and
1496 2830 1568 2863 317.
1616 2835 1790 2864 retrorsum
1806 2833 1832 2864 A

249 2895 334 2917 corr.
350 2885 377 2914 B
394 2884 445 2914 for
459 2887 545 2914 retro
561 2891 689 2913 rursum
704 2881 767 2911 has
783 2880 906 2912 caused
921 2880 1023 2912 much
1039 2882 1219 2912 confusion
1235 2881 1270 2912 in
1287 2882 1343 2912 old
1359 2882 1430 2914 eds.
1519 2884 1581 2914 318
1591 2894 1690 2924 porro
1703 2888 1835 2925 pariter

250 2940 277 2969 A
294 2938 383 2968 Nico.
400 2937 490 2967 Flor.
508 2937 547 2967 31
565 2934 681 2966 Camb.
699 2936 761 2965 etc.
802 2936 934 2975 pariter
944 2945 1043 2975 porro
1059 2935 1098 2965 B.
1116 2935 1208 2966 Mon.
1335 2937 1397 2966 321
1413 2942 1585 2976 nequeunt.
1630 2945 1792 2978 nequeant
1806 2941 1833 2971 A
