1997 3267
887 212 935 254 II
1657 217 1711 268 87

228 322 302 378 qui
333 321 498 363 varient
529 326 671 362 motus
700 334 777 375 per
807 335 912 375 quos
942 324 1097 361 natura
1126 324 1248 375 gerat
1278 333 1354 361 res.

228 405 358 446 quare
390 390 521 431 etiam
552 397 681 444 atque
711 387 843 429 etiam
873 387 1051 442 paulum
1082 387 1286 428 inclinare
1316 392 1529 428 necessest

228 474 427 514 corpora;
466 473 543 499 nec
573 458 670 513 plus
700 470 829 512 quam
860 456 1101 504 minimum,
1131 470 1186 496 ne
1215 455 1376 510 fingere
1406 461 1548 497 motus

229 528 422 583 obliquos
453 527 673 568 videamur
703 530 747 566 et
777 525 822 566 id
852 540 919 566 res
950 539 1050 566 vera
1080 525 1251 566 refutet.
1630 536 1708 576 245

229 610 414 651 namque
445 595 523 636 hoc
554 595 598 635 in
629 598 830 649 promptu
862 593 1225 648 manifestumque
1257 607 1347 634 esse
1382 592 1583 641 videmus,

230 664 427 720 pondera,
459 668 669 719 quantum
700 662 745 703 in
775 668 873 710 sest,
905 676 989 703 non
1020 676 1142 717 posse
1174 661 1346 717 obliqua
1377 675 1530 710 meare,

232 748 284 775 ex
314 747 466 788 supero
497 746 594 773 cum
625 730 922 786 praecipitant,
953 730 1067 786 quod
1097 745 1268 771 cernere
1298 730 1459 785 possis3

232 802 306 843 sed
336 802 397 842 nil
427 801 598 842 omnino
628 806 742 842 recta
770 799 942 854 regione
975 798 1058 840 viai

232 870 443 911 declinare
474 868 568 924 quis
599 874 663 909 est
694 867 769 923 qui
799 867 934 922 possit
965 881 1137 908 cernere
1168 869 1291 908 sese?
1633 877 1718 918 250

290 937 488 992 Denique
519 937 555 977 si
585 950 751 991 semper
780 941 924 977 motus
955 936 1193 977 conectitur
1223 935 1361 977 omnis

233 1012 278 1048 et
310 1011 454 1047 vetere
486 1004 676 1047 exoritur
705 1019 865 1060 semper
895 1019 1029 1046 novus
1061 1004 1208 1045 ordine
1239 1009 1353 1045 certo

232 1091 311 1118 nec
341 1075 590 1117 declinando
621 1075 784 1116 faciunt
814 1073 1046 1130 primordia
1076 1080 1220 1114 motus

234 1145 491 1201 principium
524 1144 737 1200 quoddam
769 1143 882 1199 quod
914 1143 993 1185 fati
1025 1143 1194 1184 foedera
1223 1147 1409 1197 rumpat,

234 1231 286 1258 ex
316 1216 484 1257 infinito
514 1230 567 1256 ne
598 1229 769 1256 causam
800 1228 928 1255 causa
957 1220 1173 1269 sequatur,
1637 1222 1714 1263 255

233 1285 367 1327 libera
396 1300 472 1341 per
500 1290 634 1326 terras
664 1284 778 1325 unde
810 1284 914 1325 haec
943 1282 1235 1324 animantibus
1266 1286 1408 1323 exstat

235 1355 348 1396 unde
380 1359 445 1395 est
476 1354 590 1403 haec,
621 1353 811 1408 inquam,
842 1352 942 1394 fatis
972 1352 1118 1393 avolsa
1142 1356 1326 1407 potestas

235 1437 312 1479 per
341 1437 469 1477 quam
500 1421 796 1477 progredimur
826 1436 909 1475 quo
941 1420 1061 1462 ducit
1092 1434 1306 1474 quemque
1340 1418 1546 1466 voluntas,

235 1492 498 1533 declinamus
529 1491 635 1532 item
666 1496 809 1532 motus
839 1505 917 1531 nec
947 1496 1140 1544 tempore
1170 1495 1285 1530 certo

235 1576 314 1603 nec
344 1561 516 1617 regione
548 1560 627 1602 loci
658 1565 785 1609 certa,
816 1559 890 1601 sed
921 1559 996 1600 ubi
1027 1559 1120 1614 ipsa
1150 1558 1254 1599 tulit
1285 1559 1438 1598 mens?
1640 1556 1722 1596 260

235 1646 337 1673 nam
368 1630 497 1672 dubio
528 1630 674 1686 procul
706 1630 772 1671 his
802 1629 930 1671 rebus
960 1644 1037 1670 sua
1068 1628 1222 1683 cuique
1253 1628 1450 1668 voluntas

237 1701 495 1757 principium
527 1700 602 1741 dat
633 1705 677 1741 et
708 1699 807 1740 hinc
839 1704 981 1740 motus
1012 1713 1088 1754 per
1119 1697 1312 1738 membra
1342 1696 1548 1751 rigantur.

237 1783 377 1810 nonne
408 1768 526 1809 vides
557 1768 689 1809 etiam
719 1767 947 1822 patefactis
977 1772 1169 1821 tempore
1200 1769 1360 1820 puncto

239 1837 477 1879 carceribus
505 1851 591 1878 non
621 1851 743 1891 posse
776 1841 921 1876 tamen
953 1848 1227 1890 prorumpere
1258 1847 1460 1887 equorum

238 1906 327 1947 vim
358 1905 557 1961 cupidam
587 1910 678 1946 tam
709 1904 762 1945 de
793 1904 937 1945 subito
968 1918 1097 1958 quam
1129 1917 1249 1943 mens
1279 1907 1377 1942 avet
1408 1900 1523 1956 ipsa?
1642 1900 1719 1950 265

240 1975 377 2016 omnis
407 1974 522 2015 enim
553 1978 695 2014 totum
725 1987 802 2027 per
831 1987 981 2027 corpus
1012 1971 1208 2012 materiai

241 2043 362 2098 copia
392 2042 585 2096 conquiri
615 2041 755 2092 debet,
786 2041 953 2082 concita
982 2055 1058 2095 per
1087 2047 1207 2081 artus

241 2110 379 2153 omnis
408 2116 458 2151 ut
489 2109 682 2151 studium
712 2109 871 2150 mentis
901 2109 1052 2150 conixa
1082 2098 1310 2163 sequatur3

128 2273 216 2302 runt.
351 2268 413 2299 241
437 2277 469 2299 se
492 2267 522 2298 is
545 2266 654 2298 found
676 2266 714 2297 in
737 2266 784 2297 all
807 2275 887 2298 mss.
1024 2265 1086 2298 247
1109 2275 1142 2297 se
1168 2264 1283 2295 before
1305 2268 1352 2295 est
1375 2261 1482 2294 added
1506 2261 1548 2302 by
1571 2261 1661 2292 Flor.
1685 2261 1725 2291 31

129 2322 247 2355 Gamb.
264 2323 327 2353 etc.
483 2321 545 2353 249
562 2326 653 2353 recta
670 2320 780 2351 added
795 2320 840 2360 by
856 2319 948 2350 Nice.
966 2319 1078 2351 whom
1096 2319 1141 2350 all
1158 2318 1270 2350 before
1286 2316 1390 2348 Lach.
1407 2316 1534 2356 rightly
1551 2313 1725 2346 followed:

128 2377 156 2409 it
171 2387 241 2408 was
257 2375 421 2407 absorbed
435 2375 478 2415 by
494 2375 553 2406 the
571 2375 703 2406 similar
719 2375 835 2405 letters
852 2374 888 2404 in
906 2375 1046 2413 regione.
1096 2374 1191 2404 nulla
1207 2373 1337 2411 reyz'one
1354 2371 1460 2402 Lach.
1584 2370 1648 2401 250
1663 2370 1726 2400 De-

129 2433 254 2464 clinare
272 2433 345 2471 quis
362 2435 410 2462 est
425 2432 483 2471 qui
494 2431 602 2471 possit
623 2439 753 2461 cernere
774 2439 840 2460 sese
857 2442 864 2461 :
888 2428 959 2459 this
975 2426 1116 2467 reading
1138 2427 1174 2457 of
1194 2427 1240 2457 all
1262 2436 1343 2457 mss.
1361 2425 1428 2457 and
1451 2424 1599 2457 editions
1620 2424 1637 2454 Ι
1652 2433 1729 2454 now

129 2484 228 2524 keep:
252 2485 311 2516 the
333 2486 458 2516 constr.
485 2483 514 2515 is
536 2485 597 2514 not
617 2482 760 2514 harsher
777 2482 863 2514 than
886 2482 1000 2513 others
1022 2481 1059 2512 in
1081 2481 1200 2512 Lucr.:
1227 2490 1281 2512 see
1303 2482 1402 2512 notes
1424 2481 1454 2512 2.
1504 2480 1542 2510 de
1558 2489 1591 2510 se
1607 2477 1671 2510 Ed.
1692 2477 1729 2508 in

130 2539 230 2572 small
245 2539 295 2571 ed.
316 2539 368 2570 for
381 2549 457 2570 sese.
506 2548 616 2569 sensus
632 2538 734 2569 Bern.
778 2542 927 2577 praestet
942 2535 1047 2567 Lach.
1066 2535 1120 2566 for
1131 2536 1248 2575 possit.
1381 2534 1443 2565 251
1459 2537 1563 2565 motus
1579 2533 1670 2563 Flor.
1688 2532 1728 2563 31

131 2594 249 2627 Camb.
267 2594 319 2625 for
333 2598 431 2625 motu.
601 2593 662 2623 252
679 2602 802 2632 semper
817 2591 925 2623 added
941 2591 1029 2622 after
1043 2592 1192 2622 emoritur
1207 2590 1251 2630 by
1266 2589 1359 2622 Nice.
1379 2588 1469 2619 Flor.
1488 2588 1528 2618 31
1545 2586 1662 2618 Camb.
1682 2586 1730 2617 all

131 2649 258 2681 editors
277 2648 391 2679 before
411 2646 515 2679 Lach.
565 2651 680 2678 exacto
701 2645 811 2678 added
832 2646 876 2686 by
891 2645 995 2677 Lach.
1022 2644 1134 2676 before
1158 2646 1330 2676 exoritur:
1354 2643 1530 2683 obviously
1546 2644 1606 2673 not
1626 2641 1728 2681 right,

131 2713 169 2735 as
190 2703 250 2736 the
271 2712 344 2734 new
364 2701 496 2733 motion
518 2700 598 2732 does
618 2702 679 2732 not
701 2701 776 2732 first
797 2700 898 2739 begin
920 2699 1018 2731 when
1038 2699 1097 2730 the
1119 2699 1216 2730 other
1237 2708 1369 2730 ceases:
1393 2697 1452 2729 the
1474 2707 1594 2728 reason
1614 2697 1650 2727 of
1671 2695 1730 2727 the

132 2755 297 2787 omission
320 2763 389 2785 was
412 2753 470 2785 the
492 2763 616 2793 semper
639 2753 676 2784 of
696 2753 770 2785 251.
818 2762 921 2783 novus
944 2756 1044 2791 atque
1068 2761 1108 2782 ex
1132 2752 1246 2782 ordine
1270 2750 1369 2782 Pont.
1503 2749 1564 2781 257
1582 2752 1731 2788 potestas

131 2807 235 2839 Lach.
263 2806 316 2837 for
337 2807 510 2846 voluptas:
543 2815 563 2836 a
587 2805 715 2836 certain
739 2805 947 2837 correction:
976 2813 1086 2843 comp.
1112 2804 1194 2835 286:
1223 2803 1343 2834 Lamb.
1368 2802 1406 2832 in
1428 2801 1510 2832 vain
1533 2803 1731 2840 transposes

132 2862 285 2902 voluptas
307 2860 376 2892 and
397 2862 552 2892 voluntas
575 2860 612 2891 of
633 2861 715 2892 258:
748 2860 837 2892 Flor.
866 2861 906 2891 31
931 2859 1049 2891 Camb.
1074 2858 1160 2889 have
1182 2859 1334 2897 voluptas
1357 2856 1395 2888 in
1418 2855 1501 2887 both
1524 2855 1646 2895 places,
1671 2854 1731 2886 but

133 2916 162 2948 it
184 2925 247 2946 can
271 2914 311 2946 be
333 2913 424 2954 right
446 2914 483 2945 in
505 2913 649 2946 neither.
749 2915 811 2945 264
835 2924 991 2954 equorum
1012 2913 1105 2944 Brix.
1131 2913 1183 2943 for
1207 2922 1353 2952 quomm,
1378 2912 1440 2941 not
1462 2909 1554 2941 Nicc.
1576 2909 1667 2940 Flor.
1690 2910 1730 2940 31

135 2967 250 3001 Camb.
277 2977 315 2999 or
337 2967 416 2999 Ver.
440 2966 524 2999 Ven.
692 2968 754 3000 267
778 2968 932 3007 conquiri
955 2967 984 2997 A
1008 2976 1091 2998 corr.
1120 2965 1215 2997 Gott.
1239 2964 1333 2996 Nicc.
1359 2963 1446 3003 vulg.
1475 2963 1528 2994 for
1551 2963 1674 2993 conciri
1698 2961 1735 2993 of
