1997 3267
176 195 232 245 46

193 2799 354 2834 Crescere,
385 2807 499 2837 resque
529 2807 640 2837 genus.
690 2798 868 2828 Crescendo
901 2797 987 2828 Mar.
1019 2797 1115 2828 Junt.
1148 2796 1266 2828 Lamb.
1301 2797 1366 2828 eto.

969 190 989 230 Ι

294 309 341 343 ut
372 302 516 357 potius
547 300 697 342 multis
728 299 972 340 communia
1002 312 1175 353 corpora
1205 297 1333 338 rebus

291 371 430 412 multa
460 375 587 426 putes
619 384 721 418 esse,
752 374 802 410 ut
834 368 975 409 verbis
1006 367 1221 408 elementa
1251 366 1462 417 videmus,

291 455 420 495 quam
452 439 543 480 sine
574 437 796 493 principiis
828 436 961 478 ullam
991 450 1081 476 rem
1113 434 1294 476 existere
1326 448 1458 489 posse.

291 509 475 564 denique
507 522 582 549 cur
611 507 805 547 homines
836 510 980 546 tantos
1010 510 1166 545 natura
1195 517 1345 558 parare

292 594 375 620 non
406 577 561 633 potuit,
592 575 774 632 pedibus
804 575 879 630 qui
909 579 1092 630 pontum
1123 588 1200 628 per
1230 572 1339 613 vada
1370 576 1545 627 possent

293 646 472 689 transire
504 651 548 687 et
579 659 756 700 magnos
787 643 986 684 manibus
1017 642 1220 684 divellere
1252 641 1412 683 montis

293 716 513 770 multaque
546 713 727 755 vivendo
759 712 908 754 vitalia
937 711 1106 752 vincere
1138 711 1286 759 saecla,

293 785 329 826 si
360 798 457 832 non,
487 782 688 824 materies
720 781 822 836 quia
851 780 979 822 rebus
1010 779 1178 820 reddita
1209 784 1369 820 certast

293 850 525 908 gignundis
556 864 578 891 e
610 864 694 904 qua
725 853 893 890 constat
924 847 1029 902 quid
1059 846 1194 902 possit
1225 846 1357 888 oriri?

293 920 354 960 nil
384 919 519 975 igitur
549 917 642 959 fieri
672 917 725 958 de
756 916 843 957 nilo
873 930 996 971 posse
1028 915 1307 964 fatendumst,

294 989 457 1030 semine
488 986 658 1042 quando
689 1000 795 1041 opus
827 992 892 1026 est
921 985 1050 1026 rebus
1082 999 1165 1040 quo
1196 999 1391 1040 quaeque
1423 989 1591 1025 creatae

294 1057 402 1099 aeris
432 1057 477 1098 in
509 1061 678 1098 teneras
708 1055 874 1111 possint
904 1054 1129 1110 proferrier
1160 1068 1296 1095 auras.

294 1133 508 1184 postremo
539 1127 741 1183 quoniam
773 1125 948 1167 incultis
978 1130 1196 1181 praestare
1228 1124 1424 1166 videmus

295 1196 412 1237 culta
443 1196 533 1237 loca
563 1201 607 1237 et
638 1195 837 1236 manibus
868 1194 1055 1236 melioris
1085 1193 1262 1235 reddere
1294 1194 1420 1244 fetus,

296 1280 386 1307 esse
417 1264 618 1306 videlicet
648 1264 694 1304 in
724 1263 848 1304 terris
878 1262 1111 1318 primordia
1140 1277 1282 1303 rerum

296 1349 404 1390 quae
435 1349 511 1375 nos
543 1333 745 1375 fecundas
776 1338 994 1373 vertentes
1025 1346 1194 1373 vomere
1223 1331 1372 1388 glebas

297 1403 512 1458 terraique
543 1402 680 1444 solum
712 1401 963 1457 subigentes
994 1401 1130 1442 cimus
1160 1400 1214 1442 ad
1245 1406 1374 1442 ortus.

296 1473 407 1527 quod
443 1472 480 1513 si
510 1472 629 1512 nulla
660 1472 810 1520 forent,
841 1476 985 1512 nostro
1017 1470 1107 1511 sine
1139 1485 1334 1525 quaeque
1366 1470 1510 1513 labore

297 1547 448 1596 sponte
479 1555 557 1582 sua
589 1540 726 1581 multo
756 1539 848 1580 fieri
879 1539 1055 1580 meliora
1086 1538 1261 1580 videres.

358 1610 456 1650 Huc
486 1609 651 1650 accedit
683 1608 749 1649 uti
780 1608 962 1663 quicque
994 1607 1037 1648 in
1070 1622 1148 1648 sua
1177 1622 1350 1662 corpora
1380 1622 1550 1649 rursum

297 1679 504 1720 dissoluat
536 1684 692 1719 natura
722 1692 861 1732 neque
893 1676 946 1717 ad
978 1676 1115 1717 nilum
1147 1676 1378 1717 interemat
1409 1691 1485 1719 res.

296 1763 396 1789 nam
431 1747 572 1802 siquid
606 1747 782 1788 mortale
814 1761 834 1788 e
865 1745 1030 1787 cunctis
1061 1745 1256 1800 partibus
1287 1752 1411 1796 esset,

298 1832 349 1858 ex
381 1816 513 1857 oculis
545 1830 610 1857 res
641 1829 836 1870 quaeque
868 1820 1045 1870 repente
1078 1821 1226 1870 erepta
1256 1814 1426 1870 periret.

296 1886 416 1927 nulla
449 1886 493 1926 vi
524 1886 633 1927 foret
663 1900 765 1927 usus
797 1885 912 1927 enim
944 1900 1053 1940 quae
1085 1885 1281 1940 partibus
1312 1885 1404 1926 eius

297 1955 524 1996 discidium
557 1969 703 2010 parere
735 1960 780 1996 et
811 1969 946 1996 nexus
977 1955 1192 1996 exsolvere
1224 1960 1377 2010 posset.

298 2023 411 2078 quod
441 2038 566 2072 nunc,
597 2029 772 2064 aeterno
803 2023 904 2078 quia
935 2029 1133 2064 constant
1165 2023 1328 2064 semine
1358 2036 1568 2080 quaeque,

298 2092 431 2133 donec
462 2092 525 2133 vis
556 2092 664 2134 obiit
695 2107 805 2147 quae
838 2107 904 2134 res
935 2092 1177 2134 diverberet
1208 2092 1298 2134 ictu

298 2166 375 2201 aut
405 2160 524 2201 intus
554 2166 752 2216 penetret
782 2175 858 2216 per
888 2161 1035 2202 inania
1064 2160 1369 2216 djssoluatque,

299 2229 460 2270 nullius
492 2229 673 2270 exitium
705 2230 872 2284 patitur
902 2235 1058 2270 natura
1089 2229 1234 2270 videri.

300 2303 520 2351 praeterea
552 2312 847 2352 quaecumque
879 2302 1097 2338 vetustate
1129 2302 1299 2338 amovet
1329 2301 1461 2346 aetas,

301 2365 337 2406 si
368 2365 541 2420 penitus
573 2367 756 2420 peremit
788 2381 1041 2407 consumens
1072 2366 1296 2407 materiem
1328 2380 1511 2417 omnem,

301 2434 414 2474 unde
445 2433 629 2474 animale
660 2449 797 2489 genus
828 2434 1067 2489 generatim
1098 2433 1145 2474 in
1175 2434 1339 2474 lumina
1370 2434 1485 2476 vitae

301 2502 497 2543 redducit
529 2503 687 2551 Venus,
718 2510 795 2544 aut
824 2503 1080 2545 redductum
1112 2503 1292 2544 daedala
1321 2503 1450 2544 tellus

303 2571 417 2612 unde
448 2571 526 2612 alit
557 2577 687 2626 atque
719 2578 851 2627 auget
880 2571 1118 2627 generatim
1149 2563 1309 2627 pabula
1338 2572 1577 2626 praebens?

302 2640 416 2682 unde
448 2655 563 2681 mare
594 2640 797 2696 ingenuei
828 2641 966 2682 fontes
998 2646 1259 2697 externaque
1290 2641 1415 2697 longe

1698 583 1784 615 200

1700 923 1780 968 205

1702 1273 1788 1305 210

1703 1617 1784 1661 215

1704 1966 1791 1997 220

1700 2306 1786 2349 225

1705 2653 1791 2694 230

1570 2797 1633 2831 207
1661 2801 1791 2839 possint

190 2851 290 2882 Pont.
308 2851 382 2882 Ald.
402 2852 419 2882 1
441 2852 538 2884 Junt.
562 2852 614 2882 for
629 2856 780 2892 possent:
807 2860 826 2882 a
850 2850 982 2890 change
998 2850 1110 2882 which
1126 2850 1195 2882 will
1217 2851 1310 2882 often
1331 2850 1418 2882 have
1440 2852 1476 2883 to
1496 2850 1538 2882 be
1558 2852 1680 2885 made:
1704 2863 1788 2886 mss.

192 2916 247 2937 are
271 2915 364 2936 more
386 2909 446 2946 apt
469 2908 505 2938 to
528 2908 591 2946 put
609 2910 743 2946 possent
762 2905 814 2936 for
832 2907 963 2945 possint
986 2905 1073 2937 than
1088 2905 1160 2937 vice
1181 2915 1288 2938 versa.

1423 2905 1485 2937 215
1508 2907 1646 2946 quicque
1665 2906 1784 2941 Lamb.

194 2960 244 2991 for
274 2960 444 2999 quicquid.
588 2960 650 2992 217
681 2969 696 2990 e
727 2958 836 2990 added
864 2958 907 2998 by
937 2957 1029 2991 Nico.
1185 2959 1247 2989 230
1274 2958 1292 2990 Ι
1321 2958 1433 2990 follow
1464 2958 1522 2991 the
1551 2969 1655 2992 mss:
1687 2971 1788 3000 mare,
