1997 3267
902 177 941 217 V
1633 192 1714 233 213

232 289 355 326 tanto
385 283 543 340 quique
575 283 709 338 magis
739 282 879 324 victus
910 283 1070 324 fateare
1101 289 1316 325 necessest

232 353 415 395 exitium
446 367 613 408 quoque
645 358 854 394 terrarum
886 351 1076 406 caelique
1109 352 1314 394 futurum.

232 436 331 462 nam
362 436 457 462 cum
490 436 555 461 res
586 419 719 461 tantis
750 418 907 460 morbis
938 419 1159 474 tantisque
1190 419 1358 475 periclis
1630 431 1709 474 345

233 494 559 544 temptarentur‚
591 488 651 529 ibi
682 487 717 528 si
748 487 911 528 tristior
940 487 1208 529 incubuisset

232 571 370 607 causa,
401 556 550 598 darent
581 556 667 597 late
698 554 861 596 cladem
892 570 1154 611 magnasque
1184 555 1340 599 ruinas.

232 639 309 666 nec
339 625 501 666 ratione
532 624 615 666 alia
645 624 844 666 mortales
875 639 965 665 esse
996 624 1203 674 videmur,

231 695 344 736 inter
373 710 449 735 nos
478 694 561 735 nisi
592 694 704 750 quod
736 693 892 734 morbis
923 693 1208 749 aegrescimus
1238 694 1373 736 isdem

230 768 362 818 atque
393 762 457 803 illi
487 777 591 817 quos
622 777 647 802 a
677 761 768 803 vita
796 766 951 802 natura
981 762 1172 803 removit.
1631 773 1714 815 350

291 831 516 872 Praeterea
546 844 839 885 quaecumque
872 835 1048 871 manent
1078 835 1252 871 aeterna
1283 835 1500 872 necessust

232 908 318 951 aut,
350 901 452 956 quia
481 905 584 941 sunt
614 899 746 940 solido
777 913 873 940 cum
906 913 1088 953 corpore,
1118 913 1316 954 respuere
1347 899 1458 940 ictus

232 983 309 1010 nec
340 973 563 1024 penetrare
595 967 687 1022 pati
717 966 799 1008 sibi
829 966 1057 1021 quicquam
1089 966 1201 1022 quod
1233 972 1363 1022 queat
1393 971 1508 1008 artas

232 1036 454 1078 dissociare
484 1036 602 1076 intus
632 1033 778 1090 partis,
810 1039 858 1075 ut
890 1034 1085 1075 materiai

230 1119 402 1160 corpora
432 1109 533 1144 sunt
564 1118 744 1158 quorum
775 1108 974 1144 naturam
1006 1103 1270 1144 ostendimus
1301 1108 1414 1153 ante,
1625 1113 1701 1156 355

230 1180 307 1215 aut
337 1174 431 1215 ideo
461 1174 613 1214 durare
643 1178 831 1214 aetatem
862 1186 982 1228 posse
1014 1187 1090 1227 per
1119 1187 1301 1223 omnem,

230 1243 451 1299 plagarum
484 1242 584 1298 quia
614 1247 716 1283 sunt
747 1241 950 1297 expertia,
981 1242 1093 1283 sicut
1123 1242 1250 1283 inane
1281 1246 1347 1283 est

231 1311 344 1367 quod
374 1316 521 1352 manet
551 1311 764 1352 intactum
795 1325 933 1365 neque
964 1310 1018 1351 ab
1048 1311 1138 1352 ictu
1170 1310 1365 1366 fungitur
1394 1310 1542 1361 hilum,

231 1386 308 1422 aut
339 1381 470 1421 etiam
501 1380 603 1436 quia
632 1380 751 1421 nulla
782 1380 860 1421 loci
891 1380 941 1421 fit
972 1380 1093 1436 copia
1123 1380 1292 1429 circum,

231 1466 315 1507 quo
345 1450 467 1506 quasi
497 1465 564 1492 res
594 1450 758 1506 possint
788 1450 1004 1492 discedere
1035 1449 1306 1504 dissoluique,
1628 1451 1711 1503 360

230 1519 340 1561 sicut
371 1533 634 1560 summarum
665 1533 832 1560 summa
863 1523 930 1559 est
960 1522 1135 1559 aeterna
1164 1531 1302 1573 neque
1333 1523 1454 1559 extra

231 1585 305 1641 qui
336 1585 450 1626 locus
481 1590 547 1626 est
578 1600 662 1640 quo
692 1584 904 1626 dissiliant
933 1599 1072 1640 neque
1104 1598 1276 1639 corpora
1306 1589 1407 1625 sunt
1438 1599 1545 1640 quae

230 1654 394 1710 possint
424 1654 609 1696 incidere
641 1659 685 1695 et
716 1654 856 1695 valida
886 1653 1113 1695 dissolvere
1143 1653 1278 1710 plaga.

231 1729 277 1765 at
307 1737 457 1778 neque,
488 1723 555 1764 uti
586 1723 722 1773 docui,
753 1723 885 1764 solido
916 1738 1013 1764 cum
1045 1737 1215 1777 corpore
1246 1723 1396 1764 mundi

231 1797 440 1841 naturast,
469 1791 670 1847 quoniam
701 1791 985 1833 admixtumst
1015 1792 1060 1832 in
1090 1791 1218 1833 rebus
1247 1791 1383 1840 inane,
1625 1794 1678 1846 36
1686 1803 1705 1845 5

230 1874 309 1901 nec
340 1865 486 1900 tamen
517 1864 582 1900 est
612 1864 662 1900 ut
693 1859 831 1909 inane,
861 1874 1000 1914 neque
1031 1864 1176 1901 autem
1209 1874 1381 1914 corpora
1410 1860 1576 1910 desunt,

229 1943 282 1970 ex
312 1927 482 1969 infinito
512 1942 621 1982 quae
654 1927 817 1983 possint
848 1928 955 1969 forte
986 1933 1129 1969 coorta

230 2011 424 2039 corruere
455 1997 563 2038 hanc
593 2012 735 2038 rerum
766 1997 953 2039 violento
984 1997 1156 2039 turbine
1187 2011 1398 2039 summam

230 2071 307 2107 aut
337 2066 464 2106 aliam
496 2065 690 2121 quamvis
720 2066 883 2107 cladem
914 2066 1127 2121 inportare
1159 2065 1318 2121 pericli,

228 2148 308 2175 nec
337 2148 460 2188 porro
489 2138 645 2174 natura
674 2133 754 2174 loci
785 2134 1058 2189 spatiumque
1088 2133 1287 2189 profundi
1626 2145 1710 2187 370

230 2201 384 2250 deficit,
418 2201 613 2258 exspargi
644 2216 727 2257 quo
757 2202 921 2258 possint
953 2203 1120 2243 moenia
1149 2201 1312 2252 mundi,

229 2276 307 2312 aut
337 2270 420 2311 alia
450 2270 599 2325 quavis
631 2276 807 2325 possunt
838 2271 880 2311 vi
911 2271 1034 2326 pulsa
1063 2270 1211 2326 perire.

230 2337 336 2379 haut
367 2338 502 2394 igitur
531 2337 608 2379 leti
638 2338 859 2393 praeclusa
889 2344 953 2379 est
983 2338 1113 2378 ianua
1142 2337 1257 2378 caelo

229 2421 307 2448 nec
337 2406 414 2448 soli
444 2412 667 2462 terraeque
699 2422 837 2462 neque
868 2407 968 2447 altis
998 2406 1192 2462 aequoris
1222 2405 1359 2457 undis,

229 2474 304 2516 sed
333 2480 455 2530 patet
484 2475 663 2516 immani
694 2481 738 2516 et
768 2481 888 2516 vasto
918 2479 1130 2529 respectat
1161 2474 1294 2516 hiatu.
1625 2486 1702 2528 375

231 2558 360 2598 quare
391 2544 522 2585 etiam
553 2544 701 2585 nativa
730 2550 994 2586 necessumst
1025 2545 1252 2585 confiteare

228 2611 332 2653 haec
363 2612 538 2664 eadem;
576 2626 715 2667 neque
746 2612 872 2662 enim,
905 2613 1074 2653 mortali
1104 2627 1274 2667 corpore
1305 2626 1413 2667 quae
1444 2617 1544 2653 sunt

110 2773 204 2807 Brix.
223 2774 299 2806 Ver.
316 2773 399 2805 Ven.
417 2774 513 2806 Wak.
689 2775 751 2807 349
774 2776 876 2807 isdem
891 2776 973 2807 Pius
988 2776 1025 2807 in
1042 2777 1150 2814 notes,
1167 2775 1287 2807 Lamb.
1304 2775 1356 2807 for
1372 2777 1459 2807 idem
1475 2774 1586 2807 which
1602 2776 1704 2807 Lach.

113 2829 230 2869 keeps:
254 2838 308 2860 see
326 2838 354 2859 11
370 2828 442 2861 693.
488 2828 594 2860 Lach.
611 2838 680 2860 was
697 2828 755 2860 the
770 2829 844 2861 first
861 2833 896 2862 to
911 2830 983 2871 join
999 2832 1088 2862 inter
1103 2841 1160 2862 nos
1176 2830 1258 2862 with
1274 2829 1365 2862 what
1381 2829 1520 2862 follows
1593 2831 1706 2870 359fit

111 2879 217 2912 Lach.
234 2880 308 2911 first
324 2880 376 2911 for
390 2881 447 2911 sit.
609 2880 670 2913 367
694 2885 805 2913 coorta
821 2881 906 2912 Mar.
925 2881 998 2914 Ald.
1021 2882 1037 2912 1
1055 2881 1148 2913 Junt.
1170 2881 1222 2912 for
1237 2886 1380 2922 coperta.
1541 2882 1604 2914 368
1630 2884 1704 2913 Cor-

111 2943 217 2966 ruere.
270 2934 432 2965 Proruere
456 2933 574 2966 Lamb.
602 2935 665 2965 etc.
820 2936 883 2968 375
908 2937 1054 2968 immani.
1112 2937 1253 2967 immane
1275 2935 1393 2966 Bruno
1415 2934 1438 2966 l.
1463 2934 1486 2967 1.
1515 2946 1546 2976 p.
1575 2936 1632 2967 10:
1663 2935 1706 2967 he
