1997 3267
231 195 282 234 82

234 2592 377 2624 Vossius
401 2591 437 2623 in
460 2601 521 2624 ms,
550 2594 658 2624 notes.

1004 190 1052 231 ΙΙ

343 296 511 337 reddita
541 295 783 350 corporibus
815 295 962 350 primis
992 310 1068 350 per
1097 295 1223 336 inane
1255 296 1527 350 profundum,

343 364 417 405 sed
447 364 584 420 magis
615 363 792 404 adsiduo
821 364 1022 418 varioque
1054 364 1242 405 exercita
1272 369 1393 405 motu

344 433 501 489 partim
533 432 769 474 intervallis
799 432 967 488 magnis
999 433 1188 474 confulta
1217 433 1440 482 resultant,

342 516 439 557 pars
470 501 601 542 etiam
632 501 832 542 brevibus
863 500 1013 556 spatiis
1045 506 1256 542 vexantur
1286 500 1340 541 ab
1370 501 1470 543 ictu.

344 576 388 611 et
419 584 712 624 quaecumque
744 569 879 624 magis
911 569 1121 610 condenso
1153 569 1381 610 conciliatu

344 638 510 693 exiguis
541 637 777 678 intervallis
808 642 1010 678 convecta
1040 638 1266 687 resultant,

343 707 596 762 indupedita
627 707 715 747 suis
745 706 957 761 perplexis
988 706 1080 761 ipsa
1110 707 1269 762 figuris,

344 775 448 817 haec
479 774 640 815 validas
671 774 762 815 saxi
791 774 952 815 radices
983 780 1027 815 et
1058 774 1146 815 fera
1177 775 1274 816 ferri

344 857 515 897 corpora
545 842 817 883 constituunt
849 846 893 882 et
924 846 1066 882 cetera
1096 841 1147 883 de
1176 856 1332 897 genere
1364 842 1515 883 horum

343 912 527 968 paucula
557 926 666 966 quae
697 925 819 966 porro
849 926 1055 966 magnum
1085 926 1161 966 per
1190 912 1316 952 inane
1348 917 1569 967 vagantur.

344 986 485 1022 cetera
515 979 732 1020 dissiliunt
763 979 887 1035 longe
920 979 1130 1035 longeque
1160 985 1380 1021 recursant

344 1049 390 1090 in
421 1047 587 1103 magnis
617 1046 876 1088 intervallis:
919 1047 1023 1087 haec
1054 1061 1152 1088 aera
1181 1062 1324 1088 rarum

344 1115 562 1157 sufficiunt
590 1114 712 1155 nobis
743 1120 787 1155 et
818 1114 1039 1169 splendida
1070 1115 1233 1156 lumina
1264 1116 1371 1157 solis.

343 1184 566 1238 multaque
597 1188 818 1238 praeterea
848 1198 1052 1239 magnum
1085 1199 1160 1238 per
1189 1184 1316 1225 inane
1348 1190 1571 1240 vagantur,

343 1253 532 1294 conciliis
561 1267 703 1293 rerum
733 1267 842 1307 quae
873 1258 975 1293 sunt
1005 1252 1164 1293 reiecta
1193 1267 1272 1294 nec
1302 1268 1484 1308 usquam

344 1321 581 1364 consociare
612 1321 743 1361 etiam
774 1326 917 1361 motus
947 1326 1124 1375 potuere
1155 1327 1336 1376 recepta.

346 1390 478 1439 cuius,
509 1389 576 1430 uti
606 1403 803 1437 memor0‚
834 1389 896 1430 rei
926 1390 1201 1430 simulacrum
1233 1396 1276 1431 et
1307 1390 1448 1446 imago

345 1464 446 1500 ante
478 1458 619 1499 oculos
649 1472 817 1512 semper
847 1458 968 1499 nobis
1000 1465 1191 1500 versatur
1222 1465 1265 1500 et
1295 1460 1440 1502 instat.

345 1527 656 1581 contemplator
686 1526 814 1575 enim,
846 1541 943 1567 cum
975 1527 1072 1568 solis
1105 1527 1268 1568 lumina
1299 1543 1482 1583 cumque

346 1595 497 1637 inserti
528 1595 715 1636 fundunt
745 1594 853 1635 radii
883 1609 959 1650 per
989 1610 1120 1650 opaca
1151 1596 1393 1647 domorum:

345 1663 483 1704 multa
513 1663 682 1703 minuta
711 1663 847 1703 modis
878 1663 1026 1703 multis
1057 1678 1132 1718 per
1162 1663 1288 1704 inane
1319 1664 1484 1706 videbis

345 1747 517 1787 corpora
547 1731 713 1779 misceri
743 1732 957 1773 radiorum
988 1733 1149 1773 lumine
1179 1732 1225 1773 in
1255 1733 1347 1787 ipso

346 1806 390 1842 et
423 1800 539 1841 velut
570 1805 743 1841 aeterno
775 1800 1006 1841 certamine
1038 1800 1197 1854 proelia
1227 1816 1394 1857 pugnas

345 1869 469 1911 edere
499 1869 723 1910 turmatim
754 1868 963 1909 certantia
993 1884 1070 1910 nec
1100 1869 1201 1910 dare
1234 1884 1420 1924 pausam,

345 1937 534 1980 conciliis
565 1943 608 1978 et
639 1937 826 1978 discidiis
857 1938 1042 1978 exercita
1072 1938 1253 1990 crebris3

345 2006 533 2048 conicere
564 2011 614 2046 ut
644 2005 778 2060 possis
809 2019 861 2046 ex
892 2005 980 2053 hoc,
1013 2005 1243 2060 primordia
1273 2021 1415 2048 rerum

346 2074 470 2130 quale
502 2074 559 2114 sit
589 2074 634 2114 in
665 2088 819 2128 magno
849 2073 999 2114 iactari
1030 2088 1197 2128 semper
1228 2074 1354 2116 inani.

346 2143 571 2185 dumtaxat
600 2157 741 2183 rerum
772 2157 1023 2197 magnarum
1054 2157 1183 2197 parva
1212 2148 1353 2197 potest
1383 2158 1449 2185 res

347 2210 588 2264 exemplare
620 2209 720 2250 dare
752 2214 795 2250 et
827 2210 1010 2265 vestigia
1038 2210 1221 2252 notitiai.

347 2278 425 2319 hoc
456 2279 588 2320 etiam
619 2278 755 2334 magis
786 2278 890 2319 haec
921 2279 1113 2320 animum
1144 2285 1188 2320 te
1219 2279 1440 2321 advertere
1473 2295 1548 2335 par
1579 2288 1643 2324 est

347 2359 520 2399 corpora
550 2360 658 2400 quae
689 2345 734 2385 in
765 2345 862 2386 solis
892 2345 1021 2386 radiis
1052 2345 1225 2387 turbare
1256 2346 1467 2396 videntur,

348 2413 459 2469 quod
491 2413 597 2453 tales
628 2413 780 2454 turbae
812 2418 954 2454 motus
986 2428 1154 2469 quoque
1184 2414 1381 2455 materiai

1746 579 1827 611 100

1747 1264 1828 1295 110

1747 1609 1823 1652 115

1745 1953 1828 1985 120

1746 2295 1822 2337 125

824 2595 864 2626 98
889 2596 1037 2635 confulta
1060 2605 1141 2626 mss.
1167 2595 1235 2627 and
1258 2606 1295 2628 so
1318 2596 1417 2628 Pont.
1441 2597 1567 2628 Avanc.
1592 2597 1672 2629 Pius
1694 2598 1824 2639 Nauge-

234 2648 314 2679 rius.
364 2648 512 2678 consulta
543 2647 617 2678 Ver.
643 2647 725 2679 Ven.
750 2647 819 2680 Gif.
865 2650 1019 2688 conflicta
1043 2650 1061 2679 2
1086 2649 1161 2680 Vat.
1186 2650 1272 2681 Mar.
1300 2651 1396 2682 Junt.
1420 2651 1540 2683 Lamb.
1567 2652 1618 2683 ed.
1644 2653 1661 2683 1
1692 2653 1760 2685 and
1790 2655 1820 2694 2,

234 2701 332 2732 Wak.
357 2699 489 2732 Creech.
538 2705 673 2731 contusa
696 2701 813 2733 Lamb.
842 2701 892 2733 ed.
917 2703 947 2733 3.
993 2704 1150 2743 conpulsa
1173 2704 1294 2735 Heins.
1318 2704 1355 2735 in
1377 2715 1441 2736 ms.
1465 2708 1573 2737 notes.

279 2753 318 2785 99
337 2753 484 2783 brevibus
502 2752 591 2783 Nice.
610 2752 662 2783 for
678 2754 818 2785 brevius.

235 2807 400 2846 Heinsii')
417 2807 515 2838 Pont.
532 2808 657 2839 Avanc.
676 2808 763 2847 vulg.
782 2809 833 2839 for
848 2819 1001 2840 memoror
1016 2811 1076 2842 rei.

232 2862 363 2901 proelia
381 2871 573 2901 pufflmsque
598 2861 716 2892 Camb.
741 2862 834 2893 Nicc.
859 2872 944 2893 corr.
968 2863 1053 2894 Mar.
1079 2863 1174 2894 Junt.
1199 2865 1359 2905 wrongly.

972 2755 1033 2785 112
1048 2765 1184 2787 memoro
1200 2758 1249 2787 rei
1266 2756 1342 2788 Vat.
1362 2757 1445 2790 1706
1460 2757 1541 2796 Reg.
1561 2759 1585 2798 (‘
1596 2757 1678 2789 olim
1695 2758 1827 2790 Nicolai

1233 2811 1294 2842 118
1306 2813 1437 2851 proelia
1447 2822 1578 2852 puyms
1594 2825 1600 2844 ε
1625 2822 1662 2844 so
1678 2823 1713 2844 1v
1730 2814 1824 2847 1009.

1520 2866 1581 2897 125
1604 2868 1709 2906 mayis
1735 2868 1823 2898 haec.

238 2915 391 2946 ‘MarulL
416 2918 535 2947 contra
558 2925 588 2948 v.
612 2915 636 2948 1.
659 2915 847 2956 scn‘pserat,
873 2918 953 2948 huc’
979 2917 1064 2949 Gifi:
1089 2917 1172 2949 both
1194 2918 1269 2950 Ald.
1295 2919 1312 2950 1
1341 2919 1409 2951 and
1435 2919 1529 2952 Junt.
1554 2920 1640 2952 have
1665 2931 1757 2961 maye
1781 2924 1826 2954 ad
