1997 3267
937 193 1002 236 VI
1702 209 1783 250 257

280 301 438 352 stridit,
469 301 544 344 ubi
576 302 620 344 in
650 301 843 359 gelidum
875 317 1054 358 propere
1086 302 1371 345 demersimus
1403 303 1596 346 imbrem.

280 372 438 413 aridior
468 387 592 427 porro
623 371 659 413 si
691 371 829 414 nubes
859 372 1017 428 accipit
1049 372 1206 428 ignem,
1706 385 1786 427 150

281 441 422 482 uritur
453 440 621 497 ingenti
654 441 798 482 sonitu
830 455 1036 482 succensa
1066 447 1272 497 repente;

282 510 533 552 lauricomos
565 515 614 552 ut
645 510 681 552 si
714 524 790 566 per
820 509 980 551 montis
1012 509 1187 551 flamma
1218 516 1402 567 vagetur

280 580 453 622 turbine
486 585 714 621 ventorum
746 579 1001 621 comburens
1033 580 1197 636 impete
1230 596 1410 637 magno3

280 664 357 691 nec
388 664 455 690 res
487 648 574 690 ulla
607 648 744 704 magis
775 663 904 704 quam
940 648 1102 690 Phoebi
1135 649 1348 705 Delphica
1380 650 1524 692 laurus

280 718 463 760 terribili
495 717 639 759 sonitu
673 718 848 759 flamma
877 718 1118 774 crepitante
1151 726 1377 762 crematur.
1706 731 1778 774 155

279 787 466 843 denique
498 801 626 842 saepe
657 786 742 842 geli
775 786 940 828 multus
972 788 1112 844 fragor
1142 795 1274 844 atque
1307 789 1431 831 ruina

281 856 504 913 grandinis
533 856 577 897 in
610 856 777 911 magnis
809 856 999 897 sonitum
1032 858 1108 898 (lat
1140 858 1328 900 nubibus·
1359 859 1457 901 alte.

280 931 438 967 ventus
469 924 584 966 enim
618 939 714 966 cum
748 924 964 974 confercit,
1000 926 1268 982 franguntur,
1300 927 1343 968 in
1375 936 1530 978 artum,

278 991 466 1033 concreti
497 997 665 1032 montes
696 990 942 1033 nimborum
975 998 1019 1033 et
1049 992 1258 1048 grandine
1291 994 1427 1036 mixti.

340 1059 489 1115 Fulgit
521 1059 639 1108 item,
672 1059 809 1101 nubes
841 1060 954 1116 ignis
985 1076 1082 1102 cum
1116 1061 1280 1103 semina
1313 1063 1450 1105 multa
1703 1065 1781 1105 160

279 1143 502 1170 excussere
535 1143 612 1169 suo
643 1143 876 1180 concursu3
917 1143 993 1170 cou
1030 1129 1217 1184 lapidem
1250 1131 1284 1171 si

279 1195 498 1250 percutiat
529 1194 637 1249 lapis
669 1200 747 1236 aut
779 1195 964 1247 serrum3
1005 1211 1104 1237 nam
1139 1203 1232 1238 tum
1265 1212 1435 1253 quoque
1468 1198 1612 1239 lumen

279 1263 404 1306 exilit
435 1269 480 1305 et
511 1264 645 1305 claras
677 1263 887 1306 scintillas
918 1264 1101 1321 dissipat
1133 1265 1256 1322 ignis.

279 1331 354 1373 sed
386 1331 598 1373 tonitrum
631 1331 681 1372 fit
713 1331 779 1373 uti
812 1339 909 1387 post
940 1332 1117 1373 auribus
1148 1333 1421 1389 accipiamus,

280 1398 445 1454 fulgere
478 1413 606 1453 quam
640 1404 818 1440 cernant
850 1398 973 1449 oculi,
1007 1399 1110 1455 quia
1140 1415 1310 1456 semper
1339 1401 1393 1442 ad
1425 1401 1540 1443 auris
1704 1404 1779 1454 165

276 1466 444 1508 tardius
474 1466 714 1508 adveniunt
745 1482 875 1523 quam
908 1467 1047 1509 visum
1081 1483 1190 1524 quae
1222 1477 1424 1511 moveant
1455 1485 1531 1512 ros.

279 1536 324 1579 id
357 1537 457 1579 licet
490 1537 589 1578 hinc
622 1537 754 1579 etiam
787 1553 1066 1594 cognoscere:
1109 1539 1286 1581 caedere
1318 1540 1353 1582 si
1384 1555 1513 1596 quem

280 1605 462 1661 ancipiti
494 1605 642 1647 videas
673 1607 784 1647 ferro
815 1606 962 1662 procul
994 1606 1158 1648 arboris
1189 1613 1380 1656 auctum,

278 1681 380 1716 ante
412 1675 463 1716 fit
495 1681 545 1716 ut
577 1689 725 1716 cernas
756 1675 892 1717 ictum
925 1691 1056 1732 quam
1088 1677 1216 1734 plaga
1248 1692 1323 1733 per
1353 1678 1469 1719 auris

277 1743 353 1786 det
384 1744 602 1795 sonitum;
642 1744 701 1786 sic
734 1745 946 1801 fulgorem
978 1760 1149 1801 quoque
1181 1746 1394 1788 cernimus
1425 1754 1527 1789 ante
1705 1760 1784 1802 170

280 1828 409 1870 quam
444 1813 656 1854 tonitrum
687 1814 935 1870 accipimus,
967 1815 1130 1870 pariter
1160 1815 1236 1871 qui
1267 1816 1462 1858 mittitur
1492 1817 1583 1873 igni

279 1897 303 1925 e
335 1882 467 1924 simili
499 1897 639 1932 causa,
671 1897 878 1925 concursu
909 1890 1040 1926 natus
1071 1884 1233 1927 eodem.

341 1951 437 1993 Hoc
470 1951 603 1992 etiam
635 1959 762 2007 pacto
794 1952 955 1994 volucri
987 1953 1078 1994 loca
1110 1953 1271 1996 lumine
1303 1954 1481 2011 tingunt

279 2020 418 2062 nubes
450 2025 495 2062 et
526 2020 713 2062 tremulo
745 2026 983 2077 tempestas
1014 2022 1177 2078 impete
1210 2023 1350 2080 fulgit.

280 2095 437 2130 ventus
468 2088 545 2130 ubi
575 2088 736 2130 invasit
765 2089 925 2131 nubem
959 2096 1004 2132 et
1036 2098 1230 2133 versatus
1261 2092 1421 2134 ibidem
1702 2106 1777 2150 175

280 2159 383 2200 fecit
413 2164 464 2200 ut
494 2164 597 2200 ante
629 2174 777 2201 cavam
809 2159 934 2201 docui
966 2160 1218 2216 spissescere
1248 2162 1422 2214 nubem,

281 2227 524 2269 mobilitate
555 2242 634 2269 sua
664 2227 886 2280 fervescit3
927 2234 978 2270 ut
1009 2230 1153 2271 omnia
1183 2237 1305 2272 motu

280 2297 565 2353 percalefacta
594 2297 714 2340 vides
745 2298 976 2350 ardescere,
1007 2299 1212 2354 plumbea
1242 2315 1342 2342 vero

278 2367 402 2424 glans
434 2368 567 2410 etiam
600 2367 726 2425 longo
757 2383 884 2410 cursu
916 2369 1126 2412 volvenda
1157 2369 1368 2427 liquescit.

164 2538 207 2579 by
222 2536 344 2568 Lamb.
391 2538 534 2569 trucidet
549 2537 647 2570 Junt.
664 2540 726 2569 not
741 2538 844 2569 Pont.
862 2548 901 2570 or
917 2538 1004 2570 Mar.
1022 2539 1076 2570 for
1092 2541 1255 2572 trucidat.
1301 2541 1408 2573 Lach.
1426 2552 1472 2574 on
1489 2543 1548 2576 the
1565 2547 1726 2586 contrary
1742 2545 1779 2577 in

164 2594 227 2625 145
243 2593 295 2625 for
310 2593 369 2624 Fit
385 2592 484 2624 reads
499 2594 553 2624 Id.
736 2593 798 2626 149
816 2604 957 2634 propere
975 2594 1063 2627 Mar.
1079 2594 1155 2627 Ald.
1177 2596 1195 2626 1
1213 2595 1310 2629 Junt.
1332 2597 1384 2628 for
1395 2604 1542 2640 propter.
1717 2602 1778 2632 151

163 2653 293 2689 repente
309 2647 401 2679 Flor.
419 2648 460 2679 31
476 2647 572 2678 Brix.
588 2647 689 2679 Pont.
707 2647 761 2680 for
775 2654 914 2681 recente.
1049 2650 1112 2682 154
1128 2661 1179 2682 res
1195 2653 1269 2683 ulla
1284 2652 1435 2685 Macrob.
1453 2656 1518 2686 sat.
1535 2664 1571 2686 vr
1587 2656 1607 2686 4
1624 2655 1643 2687 5
1660 2655 1713 2687 for
1728 2666 1778 2687 res

161 2705 250 2736 uita.
295 2713 347 2734 res
364 2704 436 2734 ulla
453 2705 528 2734 uita
544 2702 623 2734 Ver.
642 2703 727 2736 Ven.
777 2706 892 2736 resina
907 2705 998 2737 Flor.
1017 2706 1058 2736 31
1075 2706 1194 2738 Camb.
1350 2709 1413 2740 158
1429 2711 1467 2741 iu
1482 2715 1605 2742 artum.
1651 2712 1689 2743 in
1704 2717 1778 2744 arto

161 2757 287 2791 Lach.:
312 2757 374 2790 but
395 2757 584 2794 somewhat
605 2757 764 2790 involved
788 2760 1045 2792 consti-actions
1068 2771 1124 2793 are
1146 2762 1191 2802 by
1212 2772 1259 2794 no
1282 2773 1404 2796 means
1427 2765 1572 2798 avoided
1593 2765 1638 2807 by
1656 2766 1776 2800 Lucra

161 2823 270 2853 comp.
293 2812 356 2846 176
372 2811 443 2844 and
459 2822 502 2843 111
518 2813 594 2844 843.
716 2813 778 2846 165
795 2815 936 2855 Fulyere
953 2815 1048 2848 Nice.
1063 2816 1092 2848 B
1111 2826 1194 2850 corr.
1216 2818 1270 2849 for
1285 2820 1421 2859 Fuqere.
1545 2821 1608 2853 168
1624 2823 1779 2862 Ancipiti

160 2868 252 2899 Flor.
270 2868 311 2898 31
329 2867 423 2898 Mon.
439 2867 534 2899 Brix.
551 2868 604 2899 for
624 2868 792 2909 Unyipiti.
837 2871 953 2901 videas
970 2870 1057 2904 Mar.
1078 2871 1175 2905 Junt.
1195 2871 1247 2903 for
1263 2873 1386 2906 videat.
1545 2875 1607 2907 172
1623 2876 1655 2906 E
1671 2876 1778 2907 simili

162 2922 192 2953 A
214 2921 310 2953 Nico.
327 2921 419 2953 Flor.
438 2921 479 2952 31
497 2920 617 2962 (Lach.
636 2922 790 2964 wrongly
812 2923 948 2964 assigns
972 2927 1008 2956 to
1032 2924 1059 2956 it
1082 2924 1143 2968 Et)
1167 2926 1187 2956 2
1209 2926 1286 2959 Vat.
1312 2927 1407 2959 Brix.
1425 2927 1511 2960 Mar.
1534 2929 1631 2961 Junt.
1658 2929 1776 2962 Lamb.

161 2978 209 3008 Et
223 2977 330 3008 simili
347 2976 375 3007 B
394 2976 513 3008 Camb.
530 2976 626 3008 Mon.
643 2977 663 3008 3
678 2975 756 3009 Vat.
773 2976 851 3009 Ver.
868 2977 955 3010 Ven.
972 2978 1101 3012 Avane.
1302 2982 1365 3015 179
1389 2983 1544 3023 liquescit
1564 2983 1664 3016 Pont.
1690 2984 1776 3016 Mar.

278 3043 325 3074 M.
1607 3037 1659 3080 17
