1997 3267
250 181 328 223 130

990 171 1064 213 III

357 291 492 332 usque
523 277 628 319 adeo
658 283 703 320 ut
734 277 850 320 vitae
881 278 994 321 desit
1024 280 1140 321 locus
1169 285 1300 335 atque
1330 280 1490 323 animai

354 345 585 402 diffugiant
615 352 758 401 partes
787 361 864 402 per
893 348 1035 389 caulas
1065 348 1249 402 corporis
1279 348 1426 390 omnis.

354 414 428 455 sed
459 415 709 470 plerumque
739 415 790 456 fit
820 415 866 455 in
896 430 1063 457 summo
1094 415 1215 471 quasi
1246 430 1418 471 corpore
1447 416 1545 459 finis

354 482 567 524 motibus:
609 483 718 524 hanc
749 482 802 524 ob
833 497 923 524 rem
954 483 1089 524 vitam
1119 483 1304 525 retinere
1338 484 1540 526 valemus.

411 550 453 591 N
460 565 541 591 unc
572 565 623 592 ea
652 565 736 605 quo
766 556 891 606 pacto
921 551 1035 593 inter
1065 566 1156 593 sese
1187 551 1324 592 mixta
1354 552 1594 608 quibusque

352 624 524 673 compta
554 619 690 660 modis
722 619 896 674 vigeant
926 620 1137 662 rationem
1169 620 1345 662 reddere
1375 627 1574 662 aventem

351 688 563 729 abstrahit
593 688 782 730 invitum
814 688 944 743 patrii
975 689 1179 730 sermonis
1210 696 1399 744 egestas;

352 758 426 800 sed
458 764 616 808 tamen,
646 764 697 800 ut
727 764 886 814 potem,
923 759 1186 808 summatim,
1216 759 1444 815 attingere,
1474 764 1661 815 tangam.

351 827 465 868 inter
495 827 610 868 enim
641 833 814 869 cursant
845 827 1076 882 primordia
1106 828 1413 883 principiorum

349 895 539 937 motibus
569 895 683 936 inter
712 910 769 945 se,
798 895 860 936 nil
891 901 942 937 ut
972 897 1181 938 secernier
1212 911 1348 938 unum

350 964 484 1019 possit
514 978 592 1005 nec
623 964 763 1019 spatio
794 964 885 1006 fieri
917 964 1052 1006 divisa
1081 971 1283 1021 potestas,

349 1031 424 1073 sed
455 1032 577 1087 quasi
608 1032 770 1074 multae
803 1032 865 1074 vis
896 1032 1024 1074 unius
1055 1033 1238 1088 corporis
1270 1037 1431 1075 extant.

351 1100 464 1156 quod
495 1115 632 1156 genus
663 1100 707 1141 in
739 1101 889 1155 quovis
918 1101 1189 1142 animantum
1220 1101 1378 1143 viscere
1409 1101 1532 1158 volgo

347 1174 412 1210 est
443 1168 545 1210 odor
575 1174 619 1210 et
650 1168 825 1224 quidam
857 1169 969 1211 color
998 1175 1043 1211 et
1073 1184 1207 1225 sapor,
1239 1176 1283 1211 et
1313 1176 1459 1211 tamen
1491 1185 1542 1211 ex
1574 1170 1642 1212 his

346 1237 544 1278 omnibus
575 1242 640 1278 est
670 1252 806 1278 unum
836 1238 1074 1293 perfectum
1105 1238 1287 1293 corporis
1319 1253 1516 1294 augmen.

347 1305 408 1348 sic
439 1306 552 1347 calor
581 1314 712 1361 atque
744 1321 816 1348 aer
847 1312 891 1348 et
924 1308 1044 1349 venti
1075 1322 1198 1349 caeca
1228 1314 1418 1363 potestas

345 1375 483 1416 mixta
513 1381 658 1416 creant
690 1390 820 1417 unam
852 1382 1052 1417 naturam
1083 1382 1128 1418 et
1158 1377 1328 1419 mobilis
1358 1378 1433 1420 illa

344 1443 420 1492 vis,
451 1443 608 1484 initum
641 1450 784 1485 motus
813 1444 868 1486 ab
899 1460 943 1486 se
974 1460 1084 1500 quae
1115 1445 1271 1487 dividit
1303 1446 1408 1496 ollis,

344 1511 522 1554 sensifer
552 1512 666 1553 unde
697 1512 832 1554 oritur
861 1514 1050 1568 primum
1080 1529 1157 1569 per
1187 1514 1349 1556 viscera
1380 1521 1533 1558 motus.

343 1595 444 1622 nam
475 1580 650 1635 penitus
680 1595 875 1635 prorsum
906 1582 1014 1623 latet
1046 1582 1150 1624 haec
1180 1589 1336 1624 natura
1365 1584 1600 1640 subestque

344 1663 422 1690 nec
453 1649 588 1704 magis
619 1649 698 1690 hac
728 1649 839 1690 infra
869 1650 1098 1705 quicquam
1130 1657 1196 1693 est
1227 1651 1271 1692 in
1302 1666 1473 1707 corpore
1503 1660 1647 1695 nostro

343 1723 473 1773 atque
504 1718 648 1759 anima
677 1723 743 1759 est
773 1718 941 1760 animae
972 1734 1171 1775 proporro
1203 1721 1336 1762 totius
1367 1721 1469 1776 ipsa.

343 1786 457 1841 quod
486 1801 624 1842 genus
653 1785 699 1827 in
729 1786 885 1828 nostris
915 1787 1118 1829 membris
1149 1794 1193 1830 et
1224 1803 1395 1844 corpore
1426 1795 1518 1831 toto

343 1855 481 1896 mixta
510 1855 649 1897 latens
679 1856 812 1897 animi
844 1857 907 1898 vis
938 1863 1003 1899 est
1035 1857 1289 1913 animaeque
1321 1863 1524 1913 potestas,

343 1924 586 1980 corporibus
618 1925 718 1980 quia
747 1926 800 1967 de
832 1926 974 1981 parvis
1005 1927 1237 1982 paucisque
1268 1933 1463 1970 creatast.

342 1992 403 2034 sic
433 1992 515 2034 tibi
544 1993 728 2035 nominis
760 1994 863 2036 haec
894 2010 1043 2050 expers
1074 1995 1137 2036 vis
1169 1996 1280 2038 facta
1310 1995 1490 2038 minutis

343 2060 586 2115 corporibus
617 2061 725 2103 latet
754 2067 885 2117 atque
916 2063 1083 2105 animae
1115 2064 1237 2119 quasi
1268 2064 1402 2105 totius
1433 2064 1526 2119 ipsa

342 2135 584 2184 proporrost
614 2129 758 2171 anima
788 2136 832 2172 et
863 2130 1109 2173 dominatur
1139 2146 1310 2187 corpore
1342 2138 1444 2175 toto.

343 2198 553 2240 consimili
582 2199 748 2241 ratione
779 2206 994 2241 necessest
1025 2206 1181 2242 ventus
1214 2206 1258 2242 et
1289 2216 1361 2242 aer

343 2272 388 2308 et
418 2267 530 2308 calor
559 2267 673 2308 inter
702 2282 746 2308 se
779 2268 953 2323 vigeant
983 2269 1215 2310 commixta
1245 2284 1320 2324 per
1349 2275 1470 2312 artus

344 2334 483 2390 adque
512 2335 608 2377 aliis
638 2335 757 2377 aliud
786 2337 925 2378 subsit
955 2337 1092 2393 magis
1123 2338 1397 2393 emineatque

1755 359 1835 403 255

1751 692 1837 734 260

1749 1035 1828 1088 265

1746 1389 1833 1432 270

1746 1733 1826 1778 275

1745 2067 1831 2108 280

228 2486 426 2519 Concutitur
455 2488 591 2526 sanquis
616 2497 680 2528 per
709 2498 820 2525 venas,
851 2490 980 2520 viscera
1009 2489 1128 2519 vivunt
1159 2489 1290 2526 Omnia,
1321 2487 1383 2520 but
1411 2488 1456 2520 he
1486 2488 1682 2521 afterwards
1710 2490 1823 2523 learnt

230 2541 344 2573 better.
479 2542 543 2572 254
558 2546 596 2572 ut
611 2541 719 2572 added
734 2542 777 2582 by
792 2542 912 2574 Lamb.

271 2594 334 2625 257
350 2595 490 2625 retinere
511 2595 656 2625 valemus
676 2595 706 2625 A
727 2604 812 2626 corr.
837 2595 930 2627 Nice.
954 2595 1001 2627 all
1023 2595 1137 2626 before
1160 2595 1264 2627 Lach.
1287 2597 1377 2627 most
1398 2596 1556 2636 properly
1576 2596 1628 2627 for
1647 2598 1826 2629 retinemus

229 2649 392 2679 valemus:
416 2647 458 2678 he
474 2647 572 2679 reads
587 2647 749 2689 absurdly
763 2649 936 2680 retinemu’
952 2650 1108 2687 υαῐεητεε,
1126 2659 1165 2681 as
1181 2649 1210 2680 if
1229 2659 1278 2680 we
1295 2649 1394 2681 could
1410 2651 1471 2681 not
1487 2649 1527 2681 be
1547 2649 1583 2680 in
1604 2650 1662 2681 lise
1681 2649 1824 2683 without

227 2701 328 2741 being
343 2701 381 2732 in
397 2700 532 2732 health:
557 2700 615 2732 the
632 2701 741 2741 origin
757 2702 793 2733 of
809 2702 867 2734 the
883 2703 1081 2743 corruption
1097 2703 1128 2734 is
1144 2703 1295 2735 obvious.

1418 2704 1481 2735 266
1495 2705 1617 2735 viscere
1633 2703 1673 2735 B.
1718 2706 1824 2738 visere

228 2757 256 2786 A
273 2754 342 2786 and
357 2754 481 2795 clearly
496 2764 559 2785 ms.
583 2754 620 2786 of
641 2754 777 2794 Poggio,
795 2765 833 2787 as
848 2756 939 2788 Nice.
959 2756 1028 2788 and
1045 2756 1089 2787 all
1106 2756 1175 2788 late
1196 2767 1278 2788 mss.
1302 2757 1370 2788 and
1391 2757 1484 2798 early
1505 2756 1652 2788 editions
1673 2767 1710 2790 so
1731 2758 1823 2797 read,

227 2818 312 2841 even
329 2809 427 2840 Junt.
445 2808 506 2840 but
521 2810 581 2839 not
597 2809 722 2840 Avanc.
738 2821 744 2840 :
771 2813 778 2826 ‘
790 2809 849 2840 alfi
864 2810 1007 2841 viscere’
1023 2810 1108 2841 Mar.
1123 2820 1130 2841 ;
1154 2815 1210 2850 yet
1228 2814 1262 2842 to
1277 2810 1375 2842 Wak.
1392 2813 1514 2842 viscere
1533 2811 1564 2842 is
1580 2815 1587 2828 ‘
1600 2811 1775 2843 sordidum
1790 2815 1824 2844 et

228 2862 400 2901 ineptum’
414 2862 421 2893 Ξ

272 2916 335 2947 284
352 2916 443 2947 aliis.
488 2916 576 2946 alias
590 2914 739 2955 Brieger.

554 2863 617 2895 267
633 2863 720 2893 color
735 2862 856 2895 Lamb.
874 2863 964 2903 conj.
982 2862 1109 2904 rightly
1125 2864 1177 2895 for
1192 2866 1293 2895 calor.
1338 2865 1429 2895 calor
1443 2863 1544 2904 vulgo
1559 2863 1664 2895 Lach.

871 2917 933 2948 288
949 2918 1067 2948 etenim
1082 2917 1190 2949 Faber
1205 2917 1242 2948 in
1257 2916 1391 2949 emend.
1414 2916 1483 2948 and
1504 2915 1609 2948 Lach.
1631 2916 1682 2948 for
1703 2919 1822 2952 etiam:
