1997 3267
253 198 335 234 226
1023 191 1063 230 V

366 302 496 351 atque
528 296 611 336 alia
641 294 755 335 illius
786 295 972 350 reparari
1002 295 1048 336 in
1078 302 1199 350 parte
1230 295 1415 350 locoque,

366 365 578 407 difficilest
608 364 772 406 ratione
804 364 952 405 docere
983 370 1027 405 et
1057 364 1224 406 vincere
1257 364 1407 414 verbis,
1765 375 1845 419 735

367 435 513 477 ordine
544 448 642 475 cum
667 434 832 488 possint
862 439 952 474 tam
984 439 1099 474 certo
1129 434 1268 474 multa
1298 433 1440 475 creari.

367 502 402 543 it
433 516 506 543 ver
537 507 580 542 et
611 501 770 550 Venus,
803 506 847 542 et
877 500 1056 542 Veneris
1086 501 1368 556 praenuntius
1398 507 1499 543 ante

368 575 581 624 pennatus
611 569 816 625 graditur,
846 569 1019 624 zephyri
1051 569 1234 625 vestigia
1263 575 1436 625 propter

370 639 495 680 Flora
525 638 682 693 quibus
710 644 849 679 mater
878 653 1184 694 praespargens
1216 644 1317 680 ante
1352 638 1435 679 viai

370 713 525 748 cuncta
555 706 765 747 coloribus
797 707 978 762 egregiis
1009 712 1054 748 et
1085 706 1284 748 odoribus
1316 707 1472 762 opplet.
1768 718 1852 760 740

370 775 470 816 inde
500 774 580 815 loci
610 774 804 828 sequitur
833 774 944 815 calor
974 773 1118 815 aridus
1149 780 1192 815 et
1224 789 1363 816 comes
1393 790 1479 816 una

371 842 671 899 pulverulenta
701 841 830 884 Ceres
860 848 897 884 et
927 842 1062 883 etesia
1092 842 1224 883 flabra
1255 842 1513 897 aquilonum.

372 914 472 954 inde
502 917 737 953 autumnus
767 910 870 960 adit,
899 910 1096 967 graditur
1125 911 1253 952 simul
1284 911 1452 952 Euhius
1484 911 1618 952 Euan.

372 982 471 1023 inde
501 981 608 1022 aliae
640 985 921 1034 tempestates
952 979 1155 1034 ventique
1186 986 1398 1029 secuntur,

372 1052 603 1092 altitonans
633 1049 870 1090 Volturnus
901 1055 944 1090 et
975 1055 1120 1090 auster
1150 1049 1329 1090 fulmine
1359 1049 1533 1105 pollens.
1765 1058 1849 1102 745

372 1119 547 1162 tandem
577 1118 731 1159 bruma
759 1118 879 1158 nives
910 1117 1048 1159 adfert
1079 1118 1335 1173 pigrumque
1366 1117 1548 1174 rigorem

373 1187 537 1229 reddit:
577 1186 744 1241 hiemps
775 1186 969 1241 sequitur
999 1186 1211 1241 crepitans
1242 1187 1351 1227 hanc
1381 1186 1584 1228 dentibus
1615 1186 1726 1243 algu.

374 1271 457 1311 quo
487 1255 629 1296 minus
659 1260 724 1296 est
756 1254 912 1295 mirum
943 1254 979 1295 si
1009 1260 1124 1295 certo
1154 1260 1345 1310 tempore
1377 1254 1478 1296 luna

373 1325 568 1382 gignitur
598 1329 642 1366 et
672 1329 787 1365 certo
818 1323 986 1364 deletur
1016 1329 1207 1378 tempore
1238 1338 1373 1372 rusus,

374 1408 470 1435 cum
502 1392 592 1433 fieri
623 1392 786 1447 possint
818 1397 906 1432 tam
938 1398 1053 1433 certo
1084 1398 1275 1446 tempore
1307 1392 1456 1433 multa.
1771 1400 1857 1444 750

433 1461 544 1503 Solis
574 1460 678 1501 item
710 1474 878 1514 quoque
910 1459 1101 1500 defectus
1132 1459 1343 1514 lunaeque
1375 1460 1558 1501 latebras

374 1529 569 1586 pluribus
599 1543 622 1570 e
653 1527 790 1569 causis
821 1528 913 1569 fieri
944 1528 1025 1569 tibi
1055 1542 1176 1583 posse
1207 1529 1500 1583 putandumst.

375 1612 475 1638 nam
507 1611 581 1637 cur
612 1596 714 1637 luna
745 1604 876 1651 queat
908 1601 1065 1636 terram
1096 1595 1311 1636 secludere
1343 1595 1442 1636 solis

375 1666 537 1708 lumine
568 1671 613 1706 et
643 1680 668 1705 a
698 1664 822 1706 terris
854 1664 991 1705 altum
1023 1670 1151 1719 caput
1183 1664 1402 1706 obstruere
1433 1665 1485 1713 ei,

376 1734 562 1776 obiciens
593 1748 765 1774 caecum
796 1733 925 1773 radiis
956 1732 1206 1773 ardentibus
1236 1733 1405 1784 orbem3
1773 1743 1854 1786 755

377 1810 568 1859 tempore
600 1801 747 1843 eodem
778 1801 896 1842 aliud
927 1802 1062 1842 facere
1093 1801 1137 1842 id
1168 1816 1253 1842 non
1283 1816 1404 1857 posse
1436 1807 1615 1857 putetur

377 1887 527 1927 corpus
557 1871 670 1926 quod
700 1885 866 1911 cassum
899 1870 1068 1910 labatur
1100 1869 1261 1911 lumine
1293 1873 1490 1925 semper?

377 1942 522 1996 solque
554 1955 650 1981 suos
682 1939 812 1980 etiam
844 1939 1064 1980 dimittere
1095 1938 1322 1994 languidus
1353 1939 1464 1995 ignis

377 2014 569 2064 tempore
601 2023 675 2049 cur
706 2013 820 2048 certo
851 2013 1038 2061 nequeat
1068 2021 1341 2062 recreareque
1372 2007 1528 2056 lumen,

379 2091 474 2118 cum
506 2076 596 2116 loca
627 2074 849 2129 praeteriit
880 2074 1064 2114 flammis
1095 2074 1249 2115 infesta
1278 2088 1354 2129 per
1383 2088 1518 2123 auras,
1775 2075 1860 2128 760

380 2158 488 2200 quae
519 2143 681 2184 faciunt
712 2143 824 2198 ignis
854 2142 1133 2198 interstingui
1164 2148 1294 2197 atque
1325 2143 1494 2197 perire?

266 2298 306 2327 31
324 2294 439 2326 Camb.
454 2297 516 2325 etc.
607 2294 668 2325 733
685 2294 839 2324 aborisci.
879 2294 1018 2325 obolisci
1030 2294 1099 2324 AB.
1114 2295 1254 2325 abolesci
1270 2294 1355 2326 Mar.
1376 2294 1396 2324 J
1399 2296 1473 2325 unt.
1513 2283 1638 2325 aboriri
1654 2293 1746 2325 Brix.
1760 2294 1858 2327 Pont.

266 2352 390 2381 Avanc.
440 2349 617 2379 abolescere
634 2346 754 2379 Lamb.
857 2346 919 2378 736
931 2348 1060 2387 possint
1077 2346 1186 2378 added
1202 2347 1246 2387 by
1260 2347 1380 2380 Lach.:
1405 2357 1458 2379 see
1475 2348 1554 2380 750:
1577 2349 1692 2380 videas
1707 2349 1752 2390 by
1766 2350 1856 2383 Flor.

267 2405 307 2435 31
325 2402 442 2435 Camb.
464 2402 547 2433 Mar.
568 2401 658 2439 vulg.
816 2402 878 2433 737
899 2401 1043 2432 Veneris.
1089 2402 1175 2432 veris
1191 2401 1291 2432 Pont.
1309 2401 1420 2432 Bentl.
1437 2401 1534 2433 Wak.
1551 2401 1656 2433 Lach.
1798 2405 1868 2437 738„

266 2458 413 2498 zephyri.
459 2457 619 2496 zephyrus
636 2455 735 2487 Pont.
756 2455 841 2486 Mar.
859 2454 934 2486 Ald.
952 2455 970 2485 1
987 2454 1083 2486 Junt.
1101 2455 1200 2494 vulgo
1218 2455 1337 2487 Lach.:
1361 2455 1421 2486 but
1438 2465 1492 2486 see
1507 2457 1603 2487 notes
1620 2457 1650 2489 2.
1798 2459 1861 2491 ’742

269 2512 507 2544 Pali-erulenta
526 2511 621 2541 Ceres
637 2509 737 2540 Pont.
754 2509 839 2540 Mar.
860 2509 937 2539 Ald.
957 2510 974 2539 1
991 2509 1011 2539 J
1015 2511 1087 2540 unt.
1102 2510 1155 2539 for
1169 2510 1376 2540 Pulvermzta
1394 2510 1499 2540 Ceres.
1545 2515 1577 2541 et
1592 2510 1700 2542 added
1715 2511 1758 2552 by
1772 2512 1856 2546 Mar.

267 2566 340 2597 Ald.
368 2566 384 2596 1
410 2564 505 2595 Junt.
663 2563 725 2595 747
748 2563 873 2594 Reddit
895 2562 986 2594 Flor.
1010 2563 1051 2594 31
1076 2562 1193 2593 Camb.
1219 2563 1271 2593 for
1294 2564 1406 2594 Redit.
1452 2563 1572 2594 Prodit
1596 2565 1729 2604 hiemps,
1755 2565 1860 2597 Lach.

268 2620 433 2659 crepitans
448 2617 537 2649 Flor.
559 2617 599 2647 31
616 2616 693 2646 Vat.
712 2615 802 2648 Mon.
823 2615 917 2647 Brix.
934 2616 986 2647 for
1002 2617 1178 2647 creditam.
1225 2617 1308 2647 lianc
1324 2617 1352 2647 B
1370 2616 1506 2656 rightly.
1545 2627 1583 2648 ac
1598 2617 1637 2648 A.
1676 2620 1867 2661 accentibus,

269 2674 339 2712 alyi
362 2671 454 2702 Nice.
479 2670 567 2703 Flor.
595 2670 634 2700 31
660 2669 777 2700 Camb.
803 2669 896 2701 Mon.
921 2669 996 2701 Vat.
1025 2670 1122 2700 Junt.
1178 2671 1257 2709 alyu
1278 2670 1389 2710 Bergk
1413 2670 1465 2701 for
1487 2671 1569 2710 alyi.
1624 2673 1717 2711 alyus
1740 2673 1861 2705 Lamb.

270 2727 364 2765 algor
379 2724 484 2755 Laoh.
616 2722 767 2763 750fierz'
785 2722 870 2753 Mar.
886 2722 961 2753 AJd.
981 2723 998 2752 1
1015 2722 1113 2753 Junt.
1135 2722 1286 2762 forfleri.
1323 2723 1443 2762 florere
1461 2727 1581 2763 queant
1596 2733 1661 2754 one
1678 2723 1752 2756 Vat.

313 2780 374 2812 753
391 2779 468 2809 solis
483 2776 602 2808 Lamb.
623 2777 697 2808 first
712 2777 765 2807 for
775 2778 892 2817 possis.
937 2787 1048 2817 posces
1065 2777 1148 2808 Mar.
1171 2776 1244 2809 Ald.
1267 2778 1283 2807 1
1301 2777 1398 2808 Junt.
1574 2778 1634 2810 761
1646 2781 1757 2818 perire
1773 2780 1858 2813 Mar.

269 2833 345 2864 Ald.
371 2833 388 2862 1
412 2832 506 2863 Junt.
532 2831 584 2861 sor
609 2832 729 2871 periri.
784 2830 981 2861 Fleckeisen
1004 2830 1083 2861 krit.
1107 2829 1281 2861 miscellen
1305 2841 1337 2870 p.
1362 2831 1402 2862 55
1427 2831 1566 2862 defends
1591 2834 1699 2871 periri
1729 2843 1774 2865 on
1804 2834 1862 2866 the

271 2886 412 2926 analogy
429 2886 463 2916 of
477 2887 568 2925 fieri,
588 2885 640 2915 for
660 2884 770 2916 which
792 2884 927 2915 Ennius
943 2894 1022 2916 ann.
1046 2885 1084 2915 15
1100 2885 1164 2916 has
1179 2887 1280 2925 fiere,
1299 2885 1366 2916 and
1388 2886 1422 2916 of
1442 2888 1551 2917 veniri
1572 2886 1765 2920 sometimes
1781 2890 1863 2921 used

272 2942 322 2971 fur
338 2941 411 2972 veni
417 2950 466 2971 re:
484 2940 544 2971 but
560 2939 618 2971 the
635 2939 740 2970 scribe
756 2949 824 2970 was
840 2939 1102 2979 unconsciously
1117 2939 1238 2970 misled
1255 2939 1297 2979 by
1313 2939 1370 2971 the
1387 2939 1484 2971 other
1499 2939 1676 2972 infinitive.
