<?xml version="1.0" encoding="UTF-8"?>
<!DOCTYPE html PUBLIC "-//W3C//DTD XHTML 1.0 Transitional//EN"
    "http://www.w3.org/TR/xhtml1/DTD/xhtml1-transitional.dtd">
<html xmlns="http://www.w3.org/1999/xhtml" xml:lang="en" lang="en">
 <head>
  <title>
</title>
<meta http-equiv="Content-Type" content="text/html;charset=utf-8" />
  <meta name='ocr-system' content='tesseract 3.04.00' />
  <meta name='ocr-capabilities' content='ocr_page ocr_carea ocr_par ocr_line ocrx_word'/>
</head>
<body>
  <div class='ocr_page' id='page_1' title='image "./lucreticariderer01lucruoft_0195.png"; bbox 0 0 1997 3267; ppageno 0'>
   <div class='ocr_carea' id='block_1_1' title="bbox 947 191 1768 248">
    <p class='ocr_par' dir='ltr' id='par_1_1' title="bbox 947 191 1768 248">
     <span class='ocr_line' id='line_1_1' title="bbox 947 191 1768 248; baseline -0.006 4"><span class='ocrx_word' id='word_1_1' title='bbox 947 191 1009 231; x_wconf 71' lang='lat' dir='ltr'>IV</span> <span class='ocrx_word' id='word_1_2' title='bbox 1688 206 1768 248; x_wconf 83' lang='lat'>179</span> 
     </span>
    </p>
   </div>
   <div class='ocr_carea' id='block_1_2' title="bbox 289 296 1778 2280">
    <p class='ocr_par' dir='ltr' id='par_1_2' title="bbox 289 296 1778 2280">
     <span class='ocr_line' id='line_1_2' title="bbox 289 296 1458 355; baseline -0.003 -13"><span class='ocrx_word' id='word_1_3' title='bbox 289 315 391 342; x_wconf 79' lang='lat' dir='ltr'>saxa</span> <span class='ocrx_word' id='word_1_4' title='bbox 420 299 533 355; x_wconf 88' lang='lat' dir='ltr'>paris</span> <span class='ocrx_word' id='word_1_5' title='bbox 565 299 718 340; x_wconf 87' lang='lat' dir='ltr'>formas</span> <span class='ocrx_word' id='word_1_6' title='bbox 748 297 973 338; x_wconf 88' lang='lat' dir='ltr'>verborum</span> <span class='ocrx_word' id='word_1_7' title='bbox 1006 311 1057 337; x_wconf 82' lang='lat' dir='ltr'>ex</span> <span class='ocrx_word' id='word_1_8' title='bbox 1088 296 1234 338; x_wconf 82' lang='lat' dir='ltr'>ordine</span> <span class='ocrx_word' id='word_1_9' title='bbox 1264 296 1458 347; x_wconf 76' lang='lat' dir='ltr'><strong>reddant,</strong></span> 
     </span>
     <span class='ocr_line' id='line_1_3' title="bbox 289 365 1764 426; baseline -0.003 -16"><span class='ocrx_word' id='word_1_10' title='bbox 289 369 476 426; x_wconf 89' lang='lat' dir='ltr'>palantis</span> <span class='ocrx_word' id='word_1_11' title='bbox 506 368 682 409; x_wconf 87' lang='lat' dir='ltr'>comites</span> <span class='ocrx_word' id='word_1_12' title='bbox 713 381 840 422; x_wconf 88' lang='lat' dir='ltr'>quom</span> <span class='ocrx_word' id='word_1_13' title='bbox 872 365 1030 407; x_wconf 88' lang='lat' dir='ltr'>montis</span> <span class='ocrx_word' id='word_1_14' title='bbox 1060 365 1173 406; x_wconf 90' lang='lat' dir='ltr'>inter</span> <span class='ocrx_word' id='word_1_15' title='bbox 1203 380 1354 421; x_wconf 89' lang='lat' dir='ltr'>opacos</span> <span class='ocrx_word' id='word_1_16' title='bbox 1687 377 1764 420; x_wconf 85' lang='lat'>575</span> 
     </span>
     <span class='ocr_line' id='line_1_4' title="bbox 289 433 1369 493; baseline -0.004 -14"><span class='ocrx_word' id='word_1_17' title='bbox 289 436 535 493; x_wconf 85' lang='lat' dir='ltr'>quaerimus</span> <span class='ocrx_word' id='word_1_18' title='bbox 566 440 610 476; x_wconf 92' lang='lat' dir='ltr'>et</span> <span class='ocrx_word' id='word_1_19' title='bbox 641 449 797 490; x_wconf 88' lang='lat' dir='ltr'>magna</span> <span class='ocrx_word' id='word_1_20' title='bbox 827 433 1036 488; x_wconf 89' lang='lat' dir='ltr'>dispersos</span> <span class='ocrx_word' id='word_1_21' title='bbox 1067 448 1167 474; x_wconf 92' lang='lat' dir='ltr'>voce</span> <span class='ocrx_word' id='word_1_22' title='bbox 1198 433 1369 475; x_wconf 75' lang='lat' dir='ltr'>ciemus</span> 
     </span>
     <span class='ocr_line' id='line_1_5' title="bbox 291 502 1431 559; baseline -0.003 -13"><span class='ocrx_word' id='word_1_23' title='bbox 291 520 364 547; x_wconf 84' lang='lat' dir='ltr'>sex</span> <span class='ocrx_word' id='word_1_24' title='bbox 395 505 526 546; x_wconf 85' lang='lat' dir='ltr'>etiam</span> <span class='ocrx_word' id='word_1_25' title='bbox 556 509 633 545; x_wconf 90' lang='lat' dir='ltr'>aut</span> <span class='ocrx_word' id='word_1_26' title='bbox 664 508 829 559; x_wconf 91' lang='lat' dir='ltr'>septem</span> <span class='ocrx_word' id='word_1_27' title='bbox 861 503 952 544; x_wconf 86' lang='lat' dir='ltr'>loca</span> <span class='ocrx_word' id='word_1_28' title='bbox 981 502 1069 544; x_wconf 92' lang='lat' dir='ltr'>vidi</span> <span class='ocrx_word' id='word_1_29' title='bbox 1100 502 1276 544; x_wconf 85' lang='lat' dir='ltr'>reddere</span> <span class='ocrx_word' id='word_1_30' title='bbox 1308 502 1431 553; x_wconf 88' lang='lat' dir='ltr'>vocis,</span> 
     </span>
     <span class='ocr_line' id='line_1_6' title="bbox 291 571 1341 627; baseline -0.004 -11"><span class='ocrx_word' id='word_1_31' title='bbox 291 589 421 616; x_wconf 90' lang='lat' dir='ltr'>unam</span> <span class='ocrx_word' id='word_1_32' title='bbox 452 588 548 615; x_wconf 88' lang='lat' dir='ltr'>cum</span> <span class='ocrx_word' id='word_1_33' title='bbox 580 573 762 614; x_wconf 85' lang='lat' dir='ltr'>iaceres:</span> <span class='ocrx_word' id='word_1_34' title='bbox 802 572 864 613; x_wconf 89' lang='lat' dir='ltr'>ita</span> <span class='ocrx_word' id='word_1_35' title='bbox 895 572 1020 613; x_wconf 92' lang='lat' dir='ltr'>colles</span> <span class='ocrx_word' id='word_1_36' title='bbox 1051 571 1228 613; x_wconf 89' lang='lat' dir='ltr'>collibus</span> <span class='ocrx_word' id='word_1_37' title='bbox 1258 571 1341 627; x_wconf 89' lang='lat' dir='ltr'>ipsi</span> 
     </span>
     <span class='ocr_line' id='line_1_7' title="bbox 291 639 1303 697; baseline -0.002 -15"><span class='ocrx_word' id='word_1_38' title='bbox 291 642 420 684; x_wconf 88' lang='lat' dir='ltr'>verba</span> <span class='ocrx_word' id='word_1_39' title='bbox 449 642 715 697; x_wconf 87' lang='lat' dir='ltr'>repulsantes</span> <span class='ocrx_word' id='word_1_40' title='bbox 746 640 962 682; x_wconf 88' lang='lat' dir='ltr'>iterabant</span> <span class='ocrx_word' id='word_1_41' title='bbox 993 639 1119 681; x_wconf 87' lang='lat' dir='ltr'>docta</span> <span class='ocrx_word' id='word_1_42' title='bbox 1148 640 1303 682; x_wconf 91' lang='lat' dir='ltr'>referri.</span> 
     </span>
     <span class='ocr_line' id='line_1_8' title="bbox 291 707 1770 764; baseline -0.001 -13"><span class='ocrx_word' id='word_1_43' title='bbox 291 709 395 751; x_wconf 90' lang='lat' dir='ltr'>haec</span> <span class='ocrx_word' id='word_1_44' title='bbox 426 710 518 751; x_wconf 88' lang='lat' dir='ltr'>loca</span> <span class='ocrx_word' id='word_1_45' title='bbox 547 707 794 764; x_wconf 81' lang='lat' dir='ltr'>capripedes</span> <span class='ocrx_word' id='word_1_46' title='bbox 825 713 987 763; x_wconf 80' lang='lat' dir='ltr'>satyros</span> <span class='ocrx_word' id='word_1_47' title='bbox 1018 707 1315 763; x_wconf 85' lang='lat' dir='ltr'>nymphasque</span> <span class='ocrx_word' id='word_1_48' title='bbox 1346 713 1491 750; x_wconf 88' lang='lat' dir='ltr'>tenere</span> <span class='ocrx_word' id='word_1_49' title='bbox 1689 710 1770 760; x_wconf 83' lang='lat'>580</span> 
     </span>
     <span class='ocr_line' id='line_1_9' title="bbox 290 777 1273 833; baseline -0.003 -13"><span class='ocrx_word' id='word_1_50' title='bbox 290 778 466 820; x_wconf 89' lang='lat' dir='ltr'>finitimi</span> <span class='ocrx_word' id='word_1_51' title='bbox 496 778 667 833; x_wconf 80' lang='lat' dir='ltr'>fingunt</span> <span class='ocrx_word' id='word_1_52' title='bbox 698 781 742 818; x_wconf 91' lang='lat' dir='ltr'>et</span> <span class='ocrx_word' id='word_1_53' title='bbox 773 777 921 817; x_wconf 87' lang='lat' dir='ltr'>faunos</span> <span class='ocrx_word' id='word_1_54' title='bbox 953 791 1044 818; x_wconf 88' lang='lat' dir='ltr'>esse</span> <span class='ocrx_word' id='word_1_55' title='bbox 1075 777 1273 818; x_wconf 81' lang='lat' dir='ltr'>locuntur</span> 
     </span>
     <span class='ocr_line' id='line_1_10' title="bbox 292 844 1350 903; baseline -0.002 -14"><span class='ocrx_word' id='word_1_56' title='bbox 292 862 473 903; x_wconf 89' lang='lat' dir='ltr'>quorum</span> <span class='ocrx_word' id='word_1_57' title='bbox 503 846 728 901; x_wconf 86' lang='lat' dir='ltr'>noctivago</span> <span class='ocrx_word' id='word_1_58' title='bbox 759 844 944 900; x_wconf 91' lang='lat' dir='ltr'>strepitu</span> <span class='ocrx_word' id='word_1_59' title='bbox 977 845 1161 900; x_wconf 92' lang='lat' dir='ltr'>ludoque</span> <span class='ocrx_word' id='word_1_60' title='bbox 1192 845 1350 887; x_wconf 76' lang='lat' dir='ltr'>iocanti</span> 
     </span>
     <span class='ocr_line' id='line_1_11' title="bbox 291 913 1295 971; baseline -0.004 -13"><span class='ocrx_word' id='word_1_61' title='bbox 291 916 522 958; x_wconf 89' lang='lat' dir='ltr'>adfirmant</span> <span class='ocrx_word' id='word_1_62' title='bbox 553 915 676 971; x_wconf 85' lang='lat' dir='ltr'>volgo</span> <span class='ocrx_word' id='word_1_63' title='bbox 706 913 921 955; x_wconf 86' lang='lat' dir='ltr'>taciturna</span> <span class='ocrx_word' id='word_1_64' title='bbox 951 913 1123 954; x_wconf 80' lang='lat' dir='ltr'>silentia</span> <span class='ocrx_word' id='word_1_65' title='bbox 1152 914 1295 969; x_wconf 82' lang='lat' dir='ltr'>rumpi</span> 
     </span>
     <span class='ocr_line' id='line_1_12' title="bbox 290 981 1409 1039; baseline -0.003 -13"><span class='ocrx_word' id='word_1_66' title='bbox 290 985 628 1039; x_wconf 79' lang='lat' dir='ltr'>chordarumque</span> <span class='ocrx_word' id='word_1_67' title='bbox 660 997 782 1024; x_wconf 86' lang='lat' dir='ltr'>sonos</span> <span class='ocrx_word' id='word_1_68' title='bbox 812 981 904 1023; x_wconf 88' lang='lat' dir='ltr'>fieri</span> <span class='ocrx_word' id='word_1_69' title='bbox 935 982 1156 1037; x_wconf 89' lang='lat' dir='ltr'>dulcisque</span> <span class='ocrx_word' id='word_1_70' title='bbox 1188 983 1409 1037; x_wconf 77' lang='lat' dir='ltr'>querellas,</span> 
     </span>
     <span class='ocr_line' id='line_1_13' title="bbox 291 1050 1768 1109; baseline -0.001 -13"><span class='ocrx_word' id='word_1_71' title='bbox 291 1053 401 1096; x_wconf 88' lang='lat' dir='ltr'>tibia</span> <span class='ocrx_word' id='word_1_72' title='bbox 431 1067 536 1109; x_wconf 88' lang='lat' dir='ltr'>quas</span> <span class='ocrx_word' id='word_1_73' title='bbox 567 1052 710 1093; x_wconf 86' lang='lat' dir='ltr'>fundit</span> <span class='ocrx_word' id='word_1_74' title='bbox 740 1050 889 1107; x_wconf 85' lang='lat' dir='ltr'>digitis</span> <span class='ocrx_word' id='word_1_75' title='bbox 919 1051 1090 1106; x_wconf 87' lang='lat' dir='ltr'>pulsata</span> <span class='ocrx_word' id='word_1_76' title='bbox 1119 1057 1361 1100; x_wconf 83' lang='lat' dir='ltr'>canentum,</span> <span class='ocrx_word' id='word_1_77' title='bbox 1693 1054 1768 1106; x_wconf 83' lang='lat'>585</span> 
     </span>
     <span class='ocr_line' id='line_1_14' title="bbox 297 1119 1438 1178; baseline -0.003 -14"><span class='ocrx_word' id='word_1_78' title='bbox 297 1128 338 1164; x_wconf 77' lang='lat' dir='ltr'>ct</span> <span class='ocrx_word' id='word_1_79' title='bbox 367 1136 503 1178; x_wconf 88' lang='lat' dir='ltr'>genus</span> <span class='ocrx_word' id='word_1_80' title='bbox 533 1120 766 1177; x_wconf 86' lang='lat' dir='ltr'>agricolum</span> <span class='ocrx_word' id='word_1_81' title='bbox 798 1120 884 1161; x_wconf 87' lang='lat' dir='ltr'>late</span> <span class='ocrx_word' id='word_1_82' title='bbox 915 1119 1156 1169; x_wconf 80' lang='lat' dir='ltr'>sentiscere,</span> <span class='ocrx_word' id='word_1_83' title='bbox 1187 1135 1314 1175; x_wconf 89' lang='lat' dir='ltr'>quom</span> <span class='ocrx_word' id='word_1_84' title='bbox 1348 1120 1438 1161; x_wconf 80' lang='lat' dir='ltr'>Pan</span> 
     </span>
     <span class='ocr_line' id='line_1_15' title="bbox 292 1188 1300 1247; baseline -0.002 -15"><span class='ocrx_word' id='word_1_85' title='bbox 292 1191 418 1247; x_wconf 91' lang='lat' dir='ltr'>pinea</span> <span class='ocrx_word' id='word_1_86' title='bbox 449 1189 637 1232; x_wconf 86' lang='lat' dir='ltr'>semiferi</span> <span class='ocrx_word' id='word_1_87' title='bbox 667 1188 821 1244; x_wconf 89' lang='lat' dir='ltr'>capitis</span> <span class='ocrx_word' id='word_1_88' title='bbox 852 1188 1066 1230; x_wconf 87' lang='lat' dir='ltr'>velamina</span> <span class='ocrx_word' id='word_1_89' title='bbox 1096 1204 1300 1244; x_wconf 86' lang='lat' dir='ltr'>quassans</span> 
     </span>
     <span class='ocr_line' id='line_1_16' title="bbox 293 1258 1367 1314; baseline -0.003 -12"><span class='ocrx_word' id='word_1_90' title='bbox 293 1274 402 1302; x_wconf 92' lang='lat' dir='ltr'>unco</span> <span class='ocrx_word' id='word_1_91' title='bbox 432 1273 558 1314; x_wconf 87' lang='lat' dir='ltr'>saepe</span> <span class='ocrx_word' id='word_1_92' title='bbox 589 1258 706 1300; x_wconf 89' lang='lat' dir='ltr'>labro</span> <span class='ocrx_word' id='word_1_93' title='bbox 737 1258 922 1299; x_wconf 85' lang='lat' dir='ltr'>calamos</span> <span class='ocrx_word' id='word_1_94' title='bbox 951 1258 1163 1313; x_wconf 88' lang='lat' dir='ltr'>percurrit</span> <span class='ocrx_word' id='word_1_95' title='bbox 1193 1258 1367 1307; x_wconf 89' lang='lat' dir='ltr'>hiantis,</span> 
     </span>
     <span class='ocr_line' id='line_1_17' title="bbox 293 1327 1377 1370; baseline -0.003 0"><span class='ocrx_word' id='word_1_96' title='bbox 293 1328 438 1370; x_wconf 89' lang='lat' dir='ltr'>fistula</span> <span class='ocrx_word' id='word_1_97' title='bbox 467 1328 707 1369; x_wconf 87' lang='lat' dir='ltr'>silvestrem</span> <span class='ocrx_word' id='word_1_98' title='bbox 738 1341 792 1368; x_wconf 90' lang='lat' dir='ltr'>ne</span> <span class='ocrx_word' id='word_1_99' title='bbox 823 1332 960 1368; x_wconf 89' lang='lat' dir='ltr'>cesset</span> <span class='ocrx_word' id='word_1_100' title='bbox 991 1327 1169 1369; x_wconf 89' lang='lat' dir='ltr'>fundere</span> <span class='ocrx_word' id='word_1_101' title='bbox 1200 1341 1377 1369; x_wconf 88' lang='lat' dir='ltr'>musam.</span> 
     </span>
     <span class='ocr_line' id='line_1_18' title="bbox 294 1396 1775 1453; baseline -0.002 -13"><span class='ocrx_word' id='word_1_102' title='bbox 294 1404 436 1441; x_wconf 86' lang='lat' dir='ltr'>cetera</span> <span class='ocrx_word' id='word_1_103' title='bbox 464 1398 517 1439; x_wconf 92' lang='lat' dir='ltr'>de</span> <span class='ocrx_word' id='word_1_104' title='bbox 547 1411 702 1453; x_wconf 86' lang='lat' dir='ltr'>genere</span> <span class='ocrx_word' id='word_1_105' title='bbox 735 1396 813 1438; x_wconf 92' lang='lat' dir='ltr'>hoc</span> <span class='ocrx_word' id='word_1_106' title='bbox 843 1401 1034 1437; x_wconf 89' lang='lat' dir='ltr'>monstra</span> <span class='ocrx_word' id='word_1_107' title='bbox 1064 1411 1112 1437; x_wconf 89' lang='lat' dir='ltr'>ac</span> <span class='ocrx_word' id='word_1_108' title='bbox 1142 1402 1341 1452; x_wconf 85' lang='lat' dir='ltr'>portenta</span> <span class='ocrx_word' id='word_1_109' title='bbox 1372 1396 1613 1451; x_wconf 87' lang='lat' dir='ltr'>loquontur,</span> <span class='ocrx_word' id='word_1_110' title='bbox 1693 1406 1775 1449; x_wconf 86' lang='lat'>590</span> 
     </span>
     <span class='ocr_line' id='line_1_19' title="bbox 292 1462 1474 1518; baseline -0.003 -11"><span class='ocrx_word' id='word_1_111' title='bbox 292 1480 346 1507; x_wconf 88' lang='lat' dir='ltr'>ne</span> <span class='ocrx_word' id='word_1_112' title='bbox 378 1465 468 1506; x_wconf 86' lang='lat' dir='ltr'>loca</span> <span class='ocrx_word' id='word_1_113' title='bbox 498 1464 668 1505; x_wconf 89' lang='lat' dir='ltr'>deserta</span> <span class='ocrx_word' id='word_1_114' title='bbox 698 1462 752 1504; x_wconf 89' lang='lat' dir='ltr'>ab</span> <span class='ocrx_word' id='word_1_115' title='bbox 783 1462 893 1504; x_wconf 89' lang='lat' dir='ltr'>divis</span> <span class='ocrx_word' id='word_1_116' title='bbox 923 1477 1093 1518; x_wconf 89' lang='lat' dir='ltr'>quoque</span> <span class='ocrx_word' id='word_1_117' title='bbox 1126 1462 1233 1503; x_wconf 89' lang='lat' dir='ltr'>forte</span> <span class='ocrx_word' id='word_1_118' title='bbox 1263 1467 1474 1517; x_wconf 88' lang='lat' dir='ltr'>putentur</span> 
     </span>
     <span class='ocr_line' id='line_1_20' title="bbox 293 1531 1317 1576; baseline -0.004 0"><span class='ocrx_word' id='word_1_119' title='bbox 293 1534 382 1576; x_wconf 85' lang='lat' dir='ltr'>sola</span> <span class='ocrx_word' id='word_1_120' title='bbox 411 1539 569 1575; x_wconf 84' lang='lat' dir='ltr'>tenere.</span> <span class='ocrx_word' id='word_1_121' title='bbox 634 1532 730 1573; x_wconf 92' lang='lat' dir='ltr'>ideo</span> <span class='ocrx_word' id='word_1_122' title='bbox 761 1531 924 1573; x_wconf 85' lang='lat' dir='ltr'>iactant</span> <span class='ocrx_word' id='word_1_123' title='bbox 956 1531 1160 1573; x_wconf 85' lang='lat' dir='ltr'>miracula</span> <span class='ocrx_word' id='word_1_124' title='bbox 1190 1531 1317 1572; x_wconf 86' lang='lat' dir='ltr'>dictis</span> 
     </span>
     <span class='ocr_line' id='line_1_21' title="bbox 294 1600 1354 1658; baseline -0.003 -14"><span class='ocrx_word' id='word_1_125' title='bbox 294 1608 371 1644; x_wconf 86' lang='lat' dir='ltr'>aut</span> <span class='ocrx_word' id='word_1_126' title='bbox 403 1602 547 1658; x_wconf 89' lang='lat' dir='ltr'>aliqua</span> <span class='ocrx_word' id='word_1_127' title='bbox 577 1601 743 1643; x_wconf 88' lang='lat' dir='ltr'>ratione</span> <span class='ocrx_word' id='word_1_128' title='bbox 775 1600 860 1642; x_wconf 87' lang='lat' dir='ltr'>alia</span> <span class='ocrx_word' id='word_1_129' title='bbox 889 1600 1119 1650; x_wconf 91' lang='lat' dir='ltr'>ducuntur,</span> <span class='ocrx_word' id='word_1_130' title='bbox 1150 1606 1200 1642; x_wconf 88' lang='lat' dir='ltr'>ut</span> <span class='ocrx_word' id='word_1_131' title='bbox 1231 1615 1354 1642; x_wconf 92' lang='lat' dir='ltr'>omne</span> 
     </span>
     <span class='ocr_line' id='line_1_22' title="bbox 294 1669 1487 1728; baseline -0.003 -14"><span class='ocrx_word' id='word_1_132' title='bbox 294 1673 531 1714; x_wconf 87' lang='lat' dir='ltr'>humanum</span> <span class='ocrx_word' id='word_1_133' title='bbox 562 1685 699 1728; x_wconf 88' lang='lat' dir='ltr'>genus</span> <span class='ocrx_word' id='word_1_134' title='bbox 729 1676 795 1712; x_wconf 86' lang='lat' dir='ltr'>est</span> <span class='ocrx_word' id='word_1_135' title='bbox 825 1670 999 1711; x_wconf 88' lang='lat' dir='ltr'>avidum</span> <span class='ocrx_word' id='word_1_136' title='bbox 1031 1670 1159 1711; x_wconf 87' lang='lat' dir='ltr'>nimis</span> <span class='ocrx_word' id='word_1_137' title='bbox 1189 1669 1487 1711; x_wconf 82' lang='lat' dir='ltr'>auricularum.</span> 
     </span>
     <span class='ocr_line' id='line_1_23' title="bbox 353 1737 1772 1796; baseline -0.004 -13"><span class='ocrx_word' id='word_1_138' title='bbox 353 1740 479 1793; x_wconf 79' lang='lat' dir='ltr'>Quod</span> <span class='ocrx_word' id='word_1_139' title='bbox 508 1745 714 1796; x_wconf 87' lang='lat' dir='ltr'>superest,</span> <span class='ocrx_word' id='word_1_140' title='bbox 745 1754 828 1781; x_wconf 92' lang='lat' dir='ltr'>non</span> <span class='ocrx_word' id='word_1_141' title='bbox 861 1745 926 1780; x_wconf 89' lang='lat' dir='ltr'>est</span> <span class='ocrx_word' id='word_1_142' title='bbox 957 1738 1199 1780; x_wconf 88' lang='lat' dir='ltr'>mirandum</span> <span class='ocrx_word' id='word_1_143' title='bbox 1231 1753 1315 1793; x_wconf 88' lang='lat' dir='ltr'>qua</span> <span class='ocrx_word' id='word_1_144' title='bbox 1345 1737 1522 1787; x_wconf 88' lang='lat' dir='ltr'>ratione,</span> <span class='ocrx_word' id='word_1_145' title='bbox 1696 1747 1772 1791; x_wconf 84' lang='lat'>595</span> 
     </span>
     <span class='ocr_line' id='line_1_24' title="bbox 292 1808 1532 1866; baseline -0.004 -14"><span class='ocrx_word' id='word_1_146' title='bbox 292 1825 370 1866; x_wconf 87' lang='lat' dir='ltr'>per</span> <span class='ocrx_word' id='word_1_147' title='bbox 400 1810 491 1852; x_wconf 89' lang='lat' dir='ltr'>loca</span> <span class='ocrx_word' id='word_1_148' title='bbox 521 1824 630 1865; x_wconf 89' lang='lat' dir='ltr'>quae</span> <span class='ocrx_word' id='word_1_149' title='bbox 661 1814 883 1864; x_wconf 86' lang='lat' dir='ltr'>nequeunt</span> <span class='ocrx_word' id='word_1_150' title='bbox 914 1808 1025 1849; x_wconf 90' lang='lat' dir='ltr'>oculi</span> <span class='ocrx_word' id='word_1_151' title='bbox 1055 1822 1120 1849; x_wconf 89' lang='lat' dir='ltr'>res</span> <span class='ocrx_word' id='word_1_152' title='bbox 1151 1821 1319 1848; x_wconf 89' lang='lat' dir='ltr'>cernere</span> <span class='ocrx_word' id='word_1_153' title='bbox 1351 1813 1532 1862; x_wconf 86' lang='lat' dir='ltr'>apertas,</span> 
     </span>
     <span class='ocr_line' id='line_1_25' title="bbox 297 1875 1465 1933; baseline -0.003 -13"><span class='ocrx_word' id='word_1_154' title='bbox 297 1880 400 1921; x_wconf 89' lang='lat' dir='ltr'>haec</span> <span class='ocrx_word' id='word_1_155' title='bbox 431 1878 522 1920; x_wconf 89' lang='lat' dir='ltr'>loca</span> <span class='ocrx_word' id='word_1_156' title='bbox 551 1893 627 1933; x_wconf 88' lang='lat' dir='ltr'>per</span> <span class='ocrx_word' id='word_1_157' title='bbox 658 1892 780 1918; x_wconf 89' lang='lat' dir='ltr'>voces</span> <span class='ocrx_word' id='word_1_158' title='bbox 811 1876 986 1917; x_wconf 84' lang='lat' dir='ltr'>veniant</span> <span class='ocrx_word' id='word_1_159' title='bbox 1017 1876 1216 1931; x_wconf 90' lang='lat' dir='ltr'>aurisque</span> <span class='ocrx_word' id='word_1_160' title='bbox 1248 1875 1465 1916; x_wconf 87' lang='lat' dir='ltr'>lacessant.</span> 
     </span>
     <span class='ocr_line' id='line_1_26' title="bbox 295 1944 1535 2003; baseline -0.005 -13"><span class='ocrx_word' id='word_1_161' title='bbox 295 1947 566 2003; x_wconf 89' lang='lat' dir='ltr'>conloquium</span> <span class='ocrx_word' id='word_1_162' title='bbox 597 1946 751 1988; x_wconf 89' lang='lat' dir='ltr'>clausis</span> <span class='ocrx_word' id='word_1_163' title='bbox 782 1945 942 1987; x_wconf 87' lang='lat' dir='ltr'>foribus</span> <span class='ocrx_word' id='word_1_164' title='bbox 973 1959 1141 2000; x_wconf 90' lang='lat' dir='ltr'>quoque</span> <span class='ocrx_word' id='word_1_165' title='bbox 1172 1959 1298 1999; x_wconf 89' lang='lat' dir='ltr'>saepe</span> <span class='ocrx_word' id='word_1_166' title='bbox 1330 1944 1535 1993; x_wconf 85' lang='lat' dir='ltr'>videmus,</span> 
     </span>
     <span class='ocr_line' id='line_1_27' title="bbox 295 2012 1400 2071; baseline -0.005 -13"><span class='ocrx_word' id='word_1_167' title='bbox 295 2016 499 2058; x_wconf 90' lang='lat' dir='ltr'>nimirum</span> <span class='ocrx_word' id='word_1_168' title='bbox 532 2015 632 2071; x_wconf 88' lang='lat' dir='ltr'>quia</span> <span class='ocrx_word' id='word_1_169' title='bbox 664 2029 743 2055; x_wconf 83' lang='lat' dir='ltr'>vox</span> <span class='ocrx_word' id='word_1_170' title='bbox 774 2028 850 2069; x_wconf 90' lang='lat' dir='ltr'>per</span> <span class='ocrx_word' id='word_1_171' title='bbox 881 2013 991 2054; x_wconf 86' lang='lat' dir='ltr'>flexa</span> <span class='ocrx_word' id='word_1_172' title='bbox 1022 2012 1229 2054; x_wconf 85' lang='lat' dir='ltr'>foramina</span> <span class='ocrx_word' id='word_1_173' title='bbox 1259 2027 1400 2054; x_wconf 87' lang='lat' dir='ltr'>rerum</span> 
     </span>
     <span class='ocr_line' id='line_1_28' title="bbox 294 2082 1778 2138; baseline -0.003 -11"><span class='ocrx_word' id='word_1_174' title='bbox 294 2085 521 2127; x_wconf 88' lang='lat' dir='ltr'>incolumis</span> <span class='ocrx_word' id='word_1_175' title='bbox 552 2084 733 2126; x_wconf 89' lang='lat' dir='ltr'>transire</span> <span class='ocrx_word' id='word_1_176' title='bbox 763 2088 919 2138; x_wconf 90' lang='lat' dir='ltr'>potest,</span> <span class='ocrx_word' id='word_1_177' title='bbox 949 2082 1175 2123; x_wconf 86' lang='lat' dir='ltr'>simulacra</span> <span class='ocrx_word' id='word_1_178' title='bbox 1205 2086 1434 2132; x_wconf 81' lang='lat' dir='ltr'>renutant3</span> <span class='ocrx_word' id='word_1_179' title='bbox 1693 2083 1778 2123; x_wconf 86' lang='lat'>600</span> 
     </span>
     <span class='ocr_line' id='line_1_29' title="bbox 295 2151 1496 2210; baseline -0.004 -14"><span class='ocrx_word' id='word_1_180' title='bbox 295 2153 625 2210; x_wconf 87' lang='lat' dir='ltr'>perscinduntur</span> <span class='ocrx_word' id='word_1_181' title='bbox 655 2152 781 2202; x_wconf 89' lang='lat' dir='ltr'>enim,</span> <span class='ocrx_word' id='word_1_182' title='bbox 812 2151 895 2193; x_wconf 90' lang='lat' dir='ltr'>nisi</span> <span class='ocrx_word' id='word_1_183' title='bbox 925 2157 1042 2193; x_wconf 89' lang='lat' dir='ltr'>recta</span> <span class='ocrx_word' id='word_1_184' title='bbox 1073 2151 1279 2192; x_wconf 87' lang='lat' dir='ltr'>foramina</span> <span class='ocrx_word' id='word_1_185' title='bbox 1309 2156 1496 2201; x_wconf 89' lang='lat' dir='ltr'>tranant,</span> 
     </span>
     <span class='ocr_line' id='line_1_30' title="bbox 295 2220 1438 2280; baseline -0.003 -14"><span class='ocrx_word' id='word_1_186' title='bbox 295 2223 438 2280; x_wconf 90' lang='lat' dir='ltr'>qualia</span> <span class='ocrx_word' id='word_1_187' title='bbox 468 2228 569 2265; x_wconf 91' lang='lat' dir='ltr'>sunt</span> <span class='ocrx_word' id='word_1_188' title='bbox 600 2222 738 2271; x_wconf 88' lang='lat' dir='ltr'>vitrei,</span> <span class='ocrx_word' id='word_1_189' title='bbox 769 2220 930 2277; x_wconf 91' lang='lat' dir='ltr'>species</span> <span class='ocrx_word' id='word_1_190' title='bbox 961 2235 1045 2276; x_wconf 88' lang='lat' dir='ltr'>qua</span> <span class='ocrx_word' id='word_1_191' title='bbox 1076 2220 1259 2261; x_wconf 88' lang='lat' dir='ltr'>travolat</span> <span class='ocrx_word' id='word_1_192' title='bbox 1290 2220 1438 2262; x_wconf 90' lang='lat' dir='ltr'>omnis.</span> 
     </span>
    </p>
   </div>
   <div class='ocr_carea' id='block_1_3' title="bbox 178 2353 1779 2991">
    <p class='ocr_par' dir='ltr' id='par_1_3' title="bbox 178 2353 1779 2991">
     <span class='ocr_line' id='line_1_31' title="bbox 179 2353 1778 2397; baseline -0.004 -5"><span class='ocrx_word' id='word_1_193' title='bbox 179 2361 209 2392; x_wconf 93' lang='lat' dir='ltr'>B</span> <span class='ocrx_word' id='word_1_194' title='bbox 224 2369 310 2392; x_wconf 88' lang='lat' dir='ltr'>corr.</span> <span class='ocrx_word' id='word_1_195' title='bbox 327 2359 413 2390; x_wconf 89' lang='lat' dir='ltr'>Mar.</span> <span class='ocrx_word' id='word_1_196' title='bbox 432 2359 484 2390; x_wconf 87' lang='lat' dir='ltr'>for</span> <span class='ocrx_word' id='word_1_197' title='bbox 501 2359 595 2397; x_wconf 79' lang='lat' dir='ltr'>Iopis.</span> <span class='ocrx_word' id='word_1_198' title='bbox 643 2357 729 2397; x_wconf 79' lang='lat' dir='ltr'>Iapis</span> <span class='ocrx_word' id='word_1_199' title='bbox 745 2355 839 2387; x_wconf 83' lang='lat' dir='ltr'>Nico.</span> <span class='ocrx_word' id='word_1_200' title='bbox 885 2354 992 2387; x_wconf 89' lang='lat' dir='ltr'>Lach.</span> <span class='ocrx_word' id='word_1_201' title='bbox 1010 2364 1048 2386; x_wconf 83' lang='lat' dir='ltr'>as</span> <span class='ocrx_word' id='word_1_202' title='bbox 1064 2354 1080 2385; x_wconf 94' lang='lat' dir='ltr'>I</span> <span class='ocrx_word' id='word_1_203' title='bbox 1096 2364 1173 2386; x_wconf 88' lang='lat' dir='ltr'>now</span> <span class='ocrx_word' id='word_1_204' title='bbox 1189 2353 1291 2385; x_wconf 82' lang='lat' dir='ltr'>think</span> <span class='ocrx_word' id='word_1_205' title='bbox 1307 2354 1452 2385; x_wconf 82' lang='lat' dir='ltr'>without</span> <span class='ocrx_word' id='word_1_206' title='bbox 1470 2353 1639 2386; x_wconf 85' lang='lat' dir='ltr'>sufficient</span> <span class='ocrx_word' id='word_1_207' title='bbox 1655 2363 1778 2385; x_wconf 88' lang='lat' dir='ltr'>reason</span> 
     </span>
     <span class='ocr_line' id='line_1_32' title="bbox 181 2408 1778 2455; baseline -0.004 -8"><span class='ocrx_word' id='word_1_208' title='bbox 181 2416 352 2455; x_wconf 86' lang='lat' dir='ltr'>separates</span> <span class='ocrx_word' id='word_1_209' title='bbox 368 2414 485 2445; x_wconf 72' lang='lat' dir='ltr'>solidis</span> <span class='ocrx_word' id='word_1_210' title='bbox 501 2413 609 2443; x_wconf 80' lang='lat' dir='ltr'>adlisa</span> <span class='ocrx_word' id='word_1_211' title='bbox 629 2412 716 2442; x_wconf 85' lang='lat' dir='ltr'>from</span> <span class='ocrx_word' id='word_1_212' title='bbox 733 2412 824 2442; x_wconf 80' lang='lat' dir='ltr'>locis.</span> <span class='ocrx_word' id='word_1_213' title='bbox 1033 2411 1095 2442; x_wconf 89' lang='lat'>577</span> <span class='ocrx_word' id='word_1_214' title='bbox 1110 2410 1215 2441; x_wconf 82' lang='lat' dir='ltr'>vocis:</span> <span class='ocrx_word' id='word_1_215' title='bbox 1241 2419 1294 2440; x_wconf 86' lang='lat' dir='ltr'>see</span> <span class='ocrx_word' id='word_1_216' title='bbox 1310 2419 1345 2439; x_wconf 88' lang='lat' dir='ltr'>n.</span> <span class='ocrx_word' id='word_1_217' title='bbox 1362 2411 1399 2440; x_wconf 83' lang='lat' dir='ltr'>to</span> <span class='ocrx_word' id='word_1_218' title='bbox 1414 2418 1427 2439; x_wconf 93' lang='lat'>1</span> <span class='ocrx_word' id='word_1_219' title='bbox 1444 2408 1507 2441; x_wconf 85' lang='lat'>744</span> <span class='ocrx_word' id='word_1_220' title='bbox 1517 2410 1641 2450; x_wconf 63' lang='lat' dir='ltr'>frugis.</span> <span class='ocrx_word' id='word_1_221' title='bbox 1686 2418 1778 2440; x_wconf 81' lang='lat' dir='ltr'>voces</span> 
     </span>
     <span class='ocr_line' id='line_1_33' title="bbox 179 2462 1777 2508; baseline -0.005 -7"><span class='ocrx_word' id='word_1_222' title='bbox 179 2469 283 2501; x_wconf 83' lang='lat' dir='ltr'>Lach.</span> <span class='ocrx_word' id='word_1_223' title='bbox 302 2467 393 2508; x_wconf 85' lang='lat' dir='ltr'>vulg.</span> <span class='ocrx_word' id='word_1_224' title='bbox 591 2467 653 2498; x_wconf 74' lang='lat'>578</span> <span class='ocrx_word' id='word_1_225' title='bbox 674 2467 752 2506; x_wconf 74' lang='lat' dir='ltr'>ipsi.</span> <span class='ocrx_word' id='word_1_226' title='bbox 798 2467 881 2506; x_wconf 78' lang='lat' dir='ltr'>ipsis</span> <span class='ocrx_word' id='word_1_227' title='bbox 903 2475 967 2497; x_wconf 88' lang='lat' dir='ltr'>one</span> <span class='ocrx_word' id='word_1_228' title='bbox 989 2465 1065 2497; x_wconf 85' lang='lat' dir='ltr'>Vat.</span> <span class='ocrx_word' id='word_1_229' title='bbox 1088 2464 1182 2495; x_wconf 90' lang='lat' dir='ltr'>Mon.</span> <span class='ocrx_word' id='word_1_230' title='bbox 1198 2464 1276 2496; x_wconf 88' lang='lat' dir='ltr'>Ver.</span> <span class='ocrx_word' id='word_1_231' title='bbox 1293 2464 1398 2496; x_wconf 89' lang='lat' dir='ltr'>Ven.:</span> <span class='ocrx_word' id='word_1_232' title='bbox 1422 2463 1529 2495; x_wconf 87' lang='lat' dir='ltr'>hence</span> <span class='ocrx_word' id='word_1_233' title='bbox 1545 2462 1620 2494; x_wconf 87' lang='lat' dir='ltr'>Ald.</span> <span class='ocrx_word' id='word_1_234' title='bbox 1639 2463 1656 2493; x_wconf 95' lang='lat'>1</span> <span class='ocrx_word' id='word_1_235' title='bbox 1680 2462 1777 2495; x_wconf 83' lang='lat' dir='ltr'>Junt.</span> 
     </span>
     <span class='ocr_line' id='line_1_34' title="bbox 179 2516 1777 2563; baseline -0.006 -7"><span class='ocrx_word' id='word_1_236' title='bbox 179 2523 270 2563; x_wconf 84' lang='lat' dir='ltr'>vulg.</span> <span class='ocrx_word' id='word_1_237' title='bbox 288 2522 401 2554; x_wconf 84' lang='lat' dir='ltr'>before</span> <span class='ocrx_word' id='word_1_238' title='bbox 416 2520 515 2553; x_wconf 81' lang='lat' dir='ltr'>Wak.</span> <span class='ocrx_word' id='word_1_239' title='bbox 648 2521 710 2553; x_wconf 87' lang='lat'>579</span> <span class='ocrx_word' id='word_1_240' title='bbox 728 2521 823 2551; x_wconf 79' lang='lat' dir='ltr'>docta</span> <span class='ocrx_word' id='word_1_241' title='bbox 839 2520 957 2560; x_wconf 76' lang='lat' dir='ltr'>referri</span> <span class='ocrx_word' id='word_1_242' title='bbox 973 2518 1078 2550; x_wconf 79' lang='lat' dir='ltr'>Lach.</span> <span class='ocrx_word' id='word_1_243' title='bbox 1097 2519 1148 2550; x_wconf 89' lang='lat' dir='ltr'>for</span> <span class='ocrx_word' id='word_1_244' title='bbox 1164 2518 1257 2550; x_wconf 73' lang='lat' dir='ltr'>dae&#39;cta</span> <span class='ocrx_word' id='word_1_245' title='bbox 1272 2519 1402 2559; x_wconf 79' lang='lat' dir='ltr'>referri.</span> <span class='ocrx_word' id='word_1_246' title='bbox 1442 2518 1534 2549; x_wconf 81' lang='lat' dir='ltr'>dicta</span> <span class='ocrx_word' id='word_1_247' title='bbox 1552 2518 1673 2557; x_wconf 76' lang='lat' dir='ltr'>referre</span> <span class='ocrx_word' id='word_1_248' title='bbox 1691 2516 1777 2548; x_wconf 88' lang='lat' dir='ltr'>Mar.</span> 
     </span>
     <span class='ocr_line' id='line_1_35' title="bbox 179 2569 1778 2616; baseline -0.005 -8"><span class='ocrx_word' id='word_1_249' title='bbox 179 2577 276 2609; x_wconf 79' lang='lat' dir='ltr'>Junt.</span> <span class='ocrx_word' id='word_1_250' title='bbox 293 2575 384 2616; x_wconf 85' lang='lat' dir='ltr'>vulg.</span> <span class='ocrx_word' id='word_1_251' title='bbox 429 2576 499 2606; x_wconf 77' lang='lat' dir='ltr'>icta</span> <span class='ocrx_word' id='word_1_252' title='bbox 513 2575 636 2615; x_wconf 77' lang='lat' dir='ltr'>referre</span> <span class='ocrx_word' id='word_1_253' title='bbox 652 2573 764 2604; x_wconf 87' lang='lat' dir='ltr'>Bentl.</span> <span class='ocrx_word' id='word_1_254' title='bbox 810 2574 882 2604; x_wconf 77' lang='lat' dir='ltr'>icta</span> <span class='ocrx_word' id='word_1_255' title='bbox 896 2573 926 2604; x_wconf 89' lang='lat' dir='ltr'>is</span> <span class='ocrx_word' id='word_1_256' title='bbox 943 2573 1015 2604; x_wconf 86' lang='lat' dir='ltr'>also</span> <span class='ocrx_word' id='word_1_257' title='bbox 1033 2572 1069 2602; x_wconf 91' lang='lat' dir='ltr'>in</span> <span class='ocrx_word' id='word_1_258' title='bbox 1087 2571 1179 2603; x_wconf 90' lang='lat' dir='ltr'>Mon.</span> <span class='ocrx_word' id='word_1_259' title='bbox 1354 2572 1416 2603; x_wconf 79' lang='lat'>582</span> <span class='ocrx_word' id='word_1_260' title='bbox 1434 2572 1560 2602; x_wconf 79' lang='lat' dir='ltr'>iocanti</span> <span class='ocrx_word' id='word_1_261' title='bbox 1576 2570 1606 2600; x_wconf 89' lang='lat' dir='ltr'>A</span> <span class='ocrx_word' id='word_1_262' title='bbox 1621 2578 1705 2601; x_wconf 88' lang='lat' dir='ltr'>corr.</span> <span class='ocrx_word' id='word_1_263' title='bbox 1727 2569 1778 2600; x_wconf 88' lang='lat' dir='ltr'>for</span> 
     </span>
     <span class='ocr_line' id='line_1_36' title="bbox 180 2624 1777 2666; baseline -0.006 -3"><span class='ocrx_word' id='word_1_264' title='bbox 180 2632 317 2663; x_wconf 81' lang='lat' dir='ltr'>locanti.</span> <span class='ocrx_word' id='word_1_265' title='bbox 479 2629 541 2660; x_wconf 82' lang='lat'>587</span> <span class='ocrx_word' id='word_1_266' title='bbox 557 2629 725 2659; x_wconf 76' lang='lat' dir='ltr'>velamina</span> <span class='ocrx_word' id='word_1_267' title='bbox 743 2627 836 2658; x_wconf 83' lang='lat' dir='ltr'>Nice.</span> <span class='ocrx_word' id='word_1_268' title='bbox 854 2627 945 2658; x_wconf 83' lang='lat' dir='ltr'>Flor.</span> <span class='ocrx_word' id='word_1_269' title='bbox 963 2627 1002 2658; x_wconf 87' lang='lat'>31</span> <span class='ocrx_word' id='word_1_270' title='bbox 1021 2626 1140 2658; x_wconf 87' lang='lat' dir='ltr'>Camb.</span> <span class='ocrx_word' id='word_1_271' title='bbox 1160 2626 1254 2658; x_wconf 91' lang='lat' dir='ltr'>Mon.</span> <span class='ocrx_word' id='word_1_272' title='bbox 1272 2626 1362 2666; x_wconf 84' lang='lat' dir='ltr'>vulg.</span> <span class='ocrx_word' id='word_1_273' title='bbox 1379 2625 1431 2657; x_wconf 88' lang='lat' dir='ltr'>for</span> <span class='ocrx_word' id='word_1_274' title='bbox 1446 2625 1620 2656; x_wconf 81' lang='lat' dir='ltr'>ullamina.</span> <span class='ocrx_word' id='word_1_275' title='bbox 1670 2624 1777 2654; x_wconf 86' lang='lat' dir='ltr'>valla-</span> 
     </span>
     <span class='ocr_line' id='line_1_37' title="bbox 178 2674 1777 2718; baseline -0.006 -3"><span class='ocrx_word' id='word_1_276' title='bbox 178 2684 270 2715; x_wconf 78' lang='lat' dir='ltr'>mina</span> <span class='ocrx_word' id='word_1_277' title='bbox 287 2681 407 2713; x_wconf 90' lang='lat' dir='ltr'>Heins.</span> <span class='ocrx_word' id='word_1_278' title='bbox 424 2679 462 2712; x_wconf 92' lang='lat' dir='ltr'>in</span> <span class='ocrx_word' id='word_1_279' title='bbox 478 2689 542 2711; x_wconf 91' lang='lat' dir='ltr'>ms.</span> <span class='ocrx_word' id='word_1_280' title='bbox 560 2681 669 2718; x_wconf 85' lang='lat' dir='ltr'>notes,</span> <span class='ocrx_word' id='word_1_281' title='bbox 686 2679 733 2711; x_wconf 87' lang='lat' dir='ltr'>Is.</span> <span class='ocrx_word' id='word_1_282' title='bbox 751 2679 846 2711; x_wconf 85' lang='lat' dir='ltr'>Voss.</span> <span class='ocrx_word' id='word_1_283' title='bbox 866 2679 903 2710; x_wconf 92' lang='lat' dir='ltr'>in</span> <span class='ocrx_word' id='word_1_284' title='bbox 919 2689 984 2710; x_wconf 87' lang='lat' dir='ltr'>ms.</span> <span class='ocrx_word' id='word_1_285' title='bbox 1001 2681 1113 2718; x_wconf 86' lang='lat' dir='ltr'>notes,</span> <span class='ocrx_word' id='word_1_286' title='bbox 1133 2678 1230 2710; x_wconf 87' lang='lat' dir='ltr'>Wak.</span> <span class='ocrx_word' id='word_1_287' title='bbox 1412 2677 1476 2709; x_wconf 89' lang='lat'>590</span> <span class='ocrx_word' id='word_1_288' title='bbox 1494 2677 1612 2708; x_wconf 80' lang='lat' dir='ltr'>Cetera</span> <span class='ocrx_word' id='word_1_289' title='bbox 1627 2674 1719 2706; x_wconf 86' lang='lat' dir='ltr'>Flor.</span> <span class='ocrx_word' id='word_1_290' title='bbox 1738 2676 1777 2706; x_wconf 89' lang='grc'>31</span> 
     </span>
     <span class='ocr_line' id='line_1_38' title="bbox 180 2728 1779 2768; baseline -0.005 0"><span class='ocrx_word' id='word_1_291' title='bbox 180 2735 298 2768; x_wconf 82' lang='lat' dir='ltr'>Camb.</span> <span class='ocrx_word' id='word_1_292' title='bbox 311 2735 397 2766; x_wconf 84' lang='lat' dir='ltr'>Mar.</span> <span class='ocrx_word' id='word_1_293' title='bbox 415 2734 468 2765; x_wconf 85' lang='lat' dir='ltr'>for</span> <span class='ocrx_word' id='word_1_294' title='bbox 483 2734 611 2765; x_wconf 71' lang='lat' dir='ltr'>Petere.</span> <span class='ocrx_word' id='word_1_295' title='bbox 754 2734 816 2766; x_wconf 82' lang='lat'>594</span> <span class='ocrx_word' id='word_1_296' title='bbox 832 2734 932 2764; x_wconf 83' lang='lat' dir='ltr'>nimis</span> <span class='ocrx_word' id='word_1_297' title='bbox 944 2733 1184 2765; x_wconf 75' lang='lat' dir='ltr'>auricularum.</span> <span class='ocrx_word' id='word_1_298' title='bbox 1229 2732 1324 2763; x_wconf 76' lang='lat' dir='ltr'>‘nimi&#39;</span> <span class='ocrx_word' id='word_1_299' title='bbox 1343 2732 1552 2762; x_wconf 76' lang='lat' dir='ltr'>miraclorum</span> <span class='ocrx_word' id='word_1_300' title='bbox 1568 2728 1674 2761; x_wconf 85' lang='lat' dir='ltr'>Lach.</span> <span class='ocrx_word' id='word_1_301' title='bbox 1692 2729 1779 2761; x_wconf 85' lang='lat' dir='ltr'>after</span> 
     </span>
     <span class='ocr_line' id='line_1_39' title="bbox 179 2784 1778 2822; baseline -0.006 0"><span class='ocrx_word' id='word_1_302' title='bbox 179 2790 308 2822; x_wconf 79' lang='lat' dir='ltr'>Bent1.:</span> <span class='ocrx_word' id='word_1_303' title='bbox 334 2789 404 2821; x_wconf 87' lang='lat' dir='ltr'>this</span> <span class='ocrx_word' id='word_1_304' title='bbox 414 2788 444 2820; x_wconf 90' lang='lat' dir='ltr'>is</span> <span class='ocrx_word' id='word_1_305' title='bbox 454 2798 531 2820; x_wconf 87' lang='lat' dir='ltr'>now</span> <span class='ocrx_word' id='word_1_306' title='bbox 540 2787 598 2819; x_wconf 82' lang='lat' dir='ltr'>the</span> <span class='ocrx_word' id='word_1_307' title='bbox 611 2787 705 2819; x_wconf 87' lang='lat' dir='ltr'>third</span> <span class='ocrx_word' id='word_1_308' title='bbox 718 2787 802 2819; x_wconf 91' lang='lat' dir='ltr'>time</span> <span class='ocrx_word' id='word_1_309' title='bbox 813 2787 856 2819; x_wconf 92' lang='lat' dir='ltr'>he</span> <span class='ocrx_word' id='word_1_310' title='bbox 871 2787 934 2818; x_wconf 82' lang='lat' dir='ltr'>has</span> <span class='ocrx_word' id='word_1_311' title='bbox 947 2785 1149 2819; x_wconf 83' lang='lat' dir='ltr'>introduced</span> <span class='ocrx_word' id='word_1_312' title='bbox 1165 2785 1240 2817; x_wconf 85' lang='lat' dir='ltr'>into</span> <span class='ocrx_word' id='word_1_313' title='bbox 1255 2785 1311 2816; x_wconf 87' lang='lat' dir='ltr'>his</span> <span class='ocrx_word' id='word_1_314' title='bbox 1327 2786 1398 2817; x_wconf 79' lang='lat' dir='ltr'>text</span> <span class='ocrx_word' id='word_1_315' title='bbox 1414 2784 1473 2816; x_wconf 84' lang='lat' dir='ltr'>the</span> <span class='ocrx_word' id='word_1_316' title='bbox 1488 2784 1576 2814; x_wconf 85' lang='lat' dir='ltr'>form</span> <span class='ocrx_word' id='word_1_317' title='bbox 1592 2784 1778 2821; x_wconf 75' lang='lat' dir='ltr'>miraclztm,</span> 
     </span>
     <span class='ocr_line' id='line_1_40' title="bbox 180 2837 1777 2876; baseline -0.004 0"><span class='ocrx_word' id='word_1_318' title='bbox 180 2843 291 2876; x_wconf 87' lang='lat' dir='ltr'>which</span> <span class='ocrx_word' id='word_1_319' title='bbox 307 2843 337 2875; x_wconf 87' lang='lat' dir='ltr'>is</span> <span class='ocrx_word' id='word_1_320' title='bbox 352 2846 413 2875; x_wconf 86' lang='lat' dir='ltr'>not</span> <span class='ocrx_word' id='word_1_321' title='bbox 429 2853 512 2875; x_wconf 86' lang='lat' dir='ltr'>once</span> <span class='ocrx_word' id='word_1_322' title='bbox 528 2843 635 2874; x_wconf 84' lang='lat' dir='ltr'>found</span> <span class='ocrx_word' id='word_1_323' title='bbox 651 2842 687 2873; x_wconf 91' lang='lat' dir='ltr'>in</span> <span class='ocrx_word' id='word_1_324' title='bbox 703 2842 761 2874; x_wconf 81' lang='lat' dir='ltr'>the</span> <span class='ocrx_word' id='word_1_325' title='bbox 777 2852 862 2874; x_wconf 84' lang='lat' dir='ltr'>mss.</span> <span class='ocrx_word' id='word_1_326' title='bbox 879 2843 916 2874; x_wconf 85' lang='lat' dir='ltr'>of</span> <span class='ocrx_word' id='word_1_327' title='bbox 929 2843 1029 2873; x_wconf 88' lang='lat' dir='ltr'>Lucr.</span> <span class='ocrx_word' id='word_1_328' title='bbox 1163 2841 1226 2873; x_wconf 84' lang='lat'>598</span> <span class='ocrx_word' id='word_1_329' title='bbox 1241 2841 1400 2872; x_wconf 78' lang='lat' dir='ltr'>videmus.</span> <span class='ocrx_word' id='word_1_330' title='bbox 1454 2839 1510 2870; x_wconf 83' lang='lat' dir='ltr'>ubi</span> <span class='ocrx_word' id='word_1_331' title='bbox 1528 2839 1637 2869; x_wconf 78' lang='lat' dir='ltr'>demus</span> <span class='ocrx_word' id='word_1_332' title='bbox 1653 2837 1777 2870; x_wconf 88' lang='lat' dir='ltr'>Lach.:</span> 
     </span>
     <span class='ocr_line' id='line_1_41' title="bbox 180 2891 1779 2938; baseline -0.004 -8"><span class='ocrx_word' id='word_1_333' title='bbox 180 2899 241 2930; x_wconf 83' lang='lat' dir='ltr'>but</span> <span class='ocrx_word' id='word_1_334' title='bbox 258 2899 476 2938; x_wconf 78' lang='lat' dir='ltr'>Conloquium</span> <span class='ocrx_word' id='word_1_335' title='bbox 491 2898 615 2928; x_wconf 81' lang='lat' dir='ltr'>clausis</span> <span class='ocrx_word' id='word_1_336' title='bbox 631 2897 764 2936; x_wconf 75' lang='lat' dir='ltr'>foribus</span> <span class='ocrx_word' id='word_1_337' title='bbox 780 2898 964 2928; x_wconf 72' lang='lat' dir='ltr'>videmus:</span> <span class='ocrx_word' id='word_1_338' title='bbox 975 2897 1010 2929; x_wconf 83' lang='lat'>0.</span> <span class='ocrx_word' id='word_1_339' title='bbox 1028 2898 1070 2928; x_wconf 86' lang='lat' dir='ltr'>cl.</span> <span class='ocrx_word' id='word_1_340' title='bbox 1088 2897 1119 2936; x_wconf 83' lang='lat' dir='ltr'>f.</span> <span class='ocrx_word' id='word_1_341' title='bbox 1137 2896 1218 2934; x_wconf 81' lang='lat' dir='ltr'>fieri</span> <span class='ocrx_word' id='word_1_342' title='bbox 1234 2906 1262 2928; x_wconf 86' lang='lat' dir='ltr'>v.</span> <span class='ocrx_word' id='word_1_343' title='bbox 1283 2894 1352 2926; x_wconf 89' lang='lat' dir='ltr'>and</span> <span class='ocrx_word' id='word_1_344' title='bbox 1368 2894 1398 2925; x_wconf 87' lang='lat' dir='ltr'>is</span> <span class='ocrx_word' id='word_1_345' title='bbox 1415 2894 1476 2924; x_wconf 90' lang='lat' dir='ltr'>not</span> <span class='ocrx_word' id='word_1_346' title='bbox 1493 2892 1551 2924; x_wconf 88' lang='lat' dir='ltr'>the</span> <span class='ocrx_word' id='word_1_347' title='bbox 1569 2901 1662 2923; x_wconf 83' lang='lat' dir='ltr'>same</span> <span class='ocrx_word' id='word_1_348' title='bbox 1679 2891 1779 2932; x_wconf 86' lang='lat' dir='ltr'>thing</span> 
     </span>
     <span class='ocr_line' id='line_1_42' title="bbox 180 2945 1778 2991; baseline -0.005 -9"><span class='ocrx_word' id='word_1_349' title='bbox 180 2953 216 2983; x_wconf 82' lang='lat' dir='ltr'>at</span> <span class='ocrx_word' id='word_1_350' title='bbox 237 2950 283 2982; x_wconf 82' lang='lat' dir='ltr'>all</span> <span class='ocrx_word' id='word_1_351' title='bbox 304 2959 342 2982; x_wconf 84' lang='lat' dir='ltr'>as</span> <span class='ocrx_word' id='word_1_352' title='bbox 365 2950 584 2991; x_wconf 78' lang='lat' dir='ltr'>Oonloquz&#39;um</span> <span class='ocrx_word' id='word_1_353' title='bbox 604 2950 763 2981; x_wconf 77' lang='lat' dir='ltr'>videmus.</span> <span class='ocrx_word' id='word_1_354' title='bbox 812 2950 893 2981; x_wconf 79' lang='lat' dir='ltr'>Cum</span> <span class='ocrx_word' id='word_1_355' title='bbox 918 2950 1083 2989; x_wconf 80' lang='lat' dir='ltr'>loquimur</span> <span class='ocrx_word' id='word_1_356' title='bbox 1102 2949 1226 2979; x_wconf 81' lang='lat' dir='ltr'>clausis</span> <span class='ocrx_word' id='word_1_357' title='bbox 1241 2948 1384 2988; x_wconf 81' lang='lat' dir='ltr'>foribus,</span> <span class='ocrx_word' id='word_1_358' title='bbox 1406 2946 1491 2986; x_wconf 79' lang='lat' dir='ltr'><em>quod</em></span> <span class='ocrx_word' id='word_1_359' title='bbox 1512 2954 1608 2985; x_wconf 78' lang='lat' dir='ltr'>saepe</span> <span class='ocrx_word' id='word_1_360' title='bbox 1630 2945 1778 2975; x_wconf 82' lang='lat' dir='ltr'>videmus</span> 
     </span>
    </p>
   </div>
   <div class='ocr_carea' id='block_1_4' title="bbox 1524 3000 1662 3040">
    <p class='ocr_par' dir='ltr' id='par_1_4' title="bbox 1524 3000 1662 3040">
     <span class='ocr_line' id='line_1_43' title="bbox 1524 3000 1662 3040; baseline -0.007 0"><span class='ocrx_word' id='word_1_361' title='bbox 1524 3000 1662 3040; x_wconf 75' lang='lat'>12—2</span> 
     </span>
    </p>
   </div>
  </div>
 </body>
</html>
