1997 3267
953 189 1018 231 VI
1688 196 1771 248 269

269 298 480 340 consimili
513 298 679 340 ratione
711 313 762 340 ex
795 299 996 341 omnibus
1025 299 1225 341 amnibus
1257 315 1379 341 umor

269 368 438 410 tollitur
469 368 513 410 in
545 368 682 410 nubis.
729 383 814 424 quo
845 383 942 410 cum
975 368 1084 410 bene
1117 369 1281 410 semina
1311 385 1517 425 aquai-um

268 437 406 478 multa
439 437 575 478 modis
607 437 756 478 multis
787 451 1021 479 convenere
1055 438 1246 493 undiquc
1278 437 1474 487 adaucta,

267 506 482 548 confertae
514 507 651 549 nubes
681 521 869 549 umorem
901 507 1076 548 mittere
1108 513 1275 548 certant

266 575 520 630 dupliciter;
560 591 660 617 nam
693 575 756 617 vis
788 576 907 617 venti
938 576 1158 617 contrudit
1190 582 1234 617 et
1266 576 1358 632 ipsa
1686 588 1769 630 510

266 645 390 700 copia
419 645 663 686 nimborum
695 645 823 686 turba
856 645 1013 687 maiore
1044 651 1190 687 coacta

266 720 405 768 urget,
435 714 487 755 de
519 729 672 770 supero
704 714 862 770 premit
893 729 941 756 ac
973 715 1075 756 facit
1107 714 1280 757 effluere
1311 715 1468 757 imbris.

265 788 488 837 praeterea
518 797 615 824 cum
647 788 868 824 rarescunt
899 798 1068 838 quoquc
1099 783 1249 825 nubila
1279 784 1420 825 ventis

265 857 343 892 aut
373 851 676 902 dissolvuntur,
707 852 807 893 solis
837 867 967 907 supcr
998 853 1084 893 icta
1114 852 1262 901 calore,

266 921 451 962 mittunt
482 935 673 962 umorem
706 921 901 976 pluvium
934 921 1199 977 stsslantquc,
1230 922 1352 977 quasi
1385 921 1473 978 igni
1685 932 1761 974 515

264 1006 361 1033 cera
390 1004 520 1046 super
549 989 686 1031 calido
718 990 940 1032 tabescens
974 990 1112 1031 multa
1144 990 1361 1046 liquescat.

264 1057 339 1099 sed
371 1072 546 1098 vemens
577 1057 716 1099 imber
745 1057 806 1106 fit,
841 1057 915 1099 ubi
948 1066 1170 1099 vementer
1202 1064 1384 1114 utraque

264 1125 415 1168 nubila
445 1125 488 1166 vi
519 1125 740 1166 cumulata
770 1132 1028 1181 premuntur
1059 1131 1103 1167 et
1135 1126 1296 1181 impete
1329 1125 1458 1167 venti.

264 1202 396 1252 atque
427 1202 574 1238 tenere
606 1196 681 1238 diu
714 1197 885 1253 pluviae
919 1197 1181 1252 longumque
1214 1197 1367 1237 morari

265 1271 536 1316 consuerunt,
568 1266 642 1308 ubi
676 1267 815 1308 multa
845 1266 1015 1308 cientur
1045 1266 1211 1308 semina
1241 1281 1448 1321 aquarum
1686 1275 1767 1318 520

263 1341 395 1391 atque
427 1335 523 1376 aliis
553 1335 663 1377 aliae
694 1336 832 1377 nubes
863 1336 1086 1391 nimbique
1119 1335 1308 1391 rigantes

264 1403 440 1459 insuper
469 1409 600 1459 atque
632 1403 749 1445 omni
783 1403 913 1460 vulgo
943 1403 996 1445 de
1028 1409 1150 1460 parte
1184 1404 1390 1453 feruntur,

263 1478 463 1529 terraque
495 1488 593 1514 cum
626 1474 795 1515 fumans
826 1488 1019 1515 umorem
1051 1480 1143 1515 tota
1174 1473 1380 1515 redhalat.

264 1540 334 1582 hic
365 1540 440 1582 ubi
470 1540 531 1582 sol
563 1540 694 1582 radiis
725 1546 1032 1597 tempestatem
1066 1541 1180 1582 inter
1211 1553 1387 1595 opacam

264 1609 442 1652 adversa
473 1610 594 1652 fulsit
624 1610 869 1652 nimborum
902 1610 1127 1666 aspargine
1159 1616 1317 1658 contra,
1685 1617 1761 1660 525

264 1684 360 1721 tum
391 1680 504 1721 color
533 1679 578 1721 in
608 1679 743 1736 nigris
774 1680 923 1721 existit
954 1680 1143 1721 nubibus
1173 1679 1307 1735 arqui.

324 1746 481 1790 Cetera
511 1762 620 1803 quae
651 1762 813 1788 sorsum
846 1754 1043 1789 crescunt
1073 1761 1323 1802 sorsumque
1353 1752 1563 1794 creantur,

265 1821 311 1858 et
343 1831 452 1872 quae
484 1822 763 1858 concrescunt
794 1816 839 1858 in
869 1816 1071 1866 nubibus,
1102 1816 1256 1864 onmia,
1288 1830 1480 1871 prorsum

267 1885 422 1935 omnia,
454 1886 529 1927 nix
561 1886 680 1927 venti
710 1885 874 1942 grando
903 1885 1158 1942 gelidaeque
1190 1885 1368 1941 pruinae

266 1960 312 1997 et
342 1955 406 1996 vis
437 1969 596 2010 magna
626 1955 724 2011 geli,
755 1969 962 2011 magnum
995 1955 1204 1996 duramen
1235 1968 1456 2010 aquarum,
1684 1961 1766 2005 530

266 2029 312 2066 et
342 2038 460 2066 mora
491 2039 600 2080 quae
631 2023 785 2066 fluvios
815 2024 974 2080 passim
1006 2025 1194 2066 refrenat
1225 2023 1380 2072 euntis,

149 2157 244 2188 Brix.
267 2157 368 2188 Pont.
393 2156 479 2188 Mar.
505 2156 558 2188 for
583 2157 796 2188 Concidiuut.
974 2157 1038 2189 509
1066 2166 1210 2188 umorem
1233 2155 1299 2188 Ed.
1323 2156 1376 2187 for
1402 2157 1438 2187 vi
1465 2157 1556 2187 venti
1586 2154 1698 2186 which
1728 2164 1764 2186 as

151 2208 279 2241 Creech
301 2208 365 2241 has
388 2218 468 2241 seen
491 2217 604 2240 comes
628 2209 718 2240 from
742 2208 801 2239 the
824 2210 875 2240 vis
898 2211 990 2240 venti
1011 2209 1048 2240 of
1069 2210 1152 2240 510:
1178 2207 1222 2239 he
1243 2218 1408 2249 proposes
1427 2208 1544 2240 imbres
1564 2213 1648 2239 tum:
1674 2207 1764 2239 what

150 2264 250 2297 Lucr.
269 2268 372 2296 wrote
387 2267 481 2296 must
496 2264 537 2296 be
554 2263 647 2303 quite
664 2263 854 2295 uncertain.
905 2265 1055 2295 umentia
1071 2263 1178 2296 Lach.
1197 2263 1284 2295 after
1301 2273 1321 2295 a
1337 2263 1428 2304 conj.
1446 2263 1483 2295 of
1496 2263 1593 2295 Wak.
1701 2263 1763 2295 511

152 2320 250 2350 turba
264 2320 388 2350 maiore
405 2317 490 2350 Mar.
510 2317 587 2350 Ald.
610 2318 628 2348 1
644 2317 743 2349 Junt.
761 2318 813 2349 for
831 2319 961 2349 turbam
976 2328 1081 2350 more:
1106 2317 1165 2350 the
1182 2327 1275 2350 same
1291 2328 1385 2349 error
1400 2328 1438 2349 as
1460 2317 1496 2349 in
1520 2319 1596 2350 465.
1641 2319 1763 2350 minore

151 2373 242 2405 Flor.
259 2374 300 2405 31
320 2373 438 2405 Camb.
455 2373 475 2403 3
491 2372 570 2404 vat.
747 2373 811 2404 512
840 2373 941 2412 Uryet
957 2373 996 2403 de
1013 2382 1129 2413 supero
1146 2371 1253 2403 Lach.
1271 2372 1324 2404 for
1346 2373 1464 2413 Uryete
1479 2383 1606 2413 supero.
1663 2373 1764 2412 Uryet

151 2433 183 2459 et
198 2438 214 2460 e
230 2438 347 2468 supero
361 2428 391 2458 A
406 2437 491 2459 corr.
511 2426 606 2459 Nice.
623 2427 714 2467 vulg.
893 2428 957 2459 515
973 2428 1171 2467 stillantque
1187 2427 1216 2458 B
1234 2437 1320 2458 corr.
1337 2426 1458 2458 Lamb.
1476 2426 1530 2458 fer
1546 2428 1708 2458 stillante.

194 2481 258 2514 516
277 2483 362 2513 Cera
376 2481 468 2513 Flor.
487 2481 527 2512 31
543 2481 642 2513 Pont.
665 2481 751 2512 Mar.
767 2480 845 2512 Ald.
863 2480 881 2511 1
898 2480 997 2512 Junt.
1010 2480 1063 2512 for
1078 2481 1170 2512 Tela.
1221 2482 1312 2512 Teda
1327 2480 1356 2512 B
1373 2490 1458 2513 corr.
1637 2481 1700 2512 518
1716 2482 1762 2513 vi.

151 2538 249 2577 aquis
281 2535 389 2567 Lach.
415 2535 558 2576 thereby
589 2535 729 2574 ruining
756 2535 815 2567 the
842 2545 952 2566 sense.
1150 2535 1214 2568 519
1237 2537 1344 2576 Atque
1377 2541 1484 2568 tenere
1514 2534 1621 2568 Lach.
1645 2536 1697 2567 for
1718 2537 1764 2568 At

149 2593 319 2624 retineret.
366 2591 410 2622 At
432 2600 601 2622 ‘remanere
624 2589 725 2622 Bern.
862 2591 926 2621 520
949 2591 1082 2622 cientur
1104 2590 1210 2622 Lach.
1236 2590 1323 2622 from
1348 2601 1368 2623 a
1392 2591 1481 2632 conj.
1510 2591 1548 2623 of
1571 2591 1683 2629 Wak.‚
1711 2591 1764 2622 for

143 2647 283 2688 flentur.
321 2646 476 2686 fluentur
497 2644 588 2676 Flor.
614 2645 654 2676 31
680 2644 799 2676 camb.
824 2644 921 2676 Wak.
961 2646 1103 2685 suerunt
1126 2645 1211 2677 Mar.
1236 2645 1312 2678 Ald.
1341 2646 1359 2677 1
1383 2646 1479 2677 Junt.
1697 2647 1760 2678 523

150 2710 302 2733 umorem.
351 2700 517 2731 humorem
539 2699 618 2730 AB:
652 2699 747 2730 often
770 2709 808 2730 as
831 2698 902 2731 this
926 2698 996 2730 and
1017 2702 1162 2739 cognate
1184 2699 1294 2731 words
1317 2710 1427 2737 occur,
1452 2699 1523 2732 this
1546 2699 1575 2731 is
1600 2700 1659 2732 the
1681 2701 1762 2742 only

150 2755 306 2787 instance
321 2753 432 2785 where
446 2753 475 2784 B
491 2753 555 2785 has
571 2753 631 2785 the
647 2753 813 2794 aspirate:
838 2754 867 2784 A
882 2753 946 2785 has
963 2753 990 2785 it
1006 2754 1044 2785 in
1059 2753 1156 2785 three
1172 2753 1270 2786 other
1286 2754 1419 2794 places:
1444 2764 1472 2785 Π
1489 2754 1573 2786 1114
1601 2755 1699 2786 Umor
1716 2757 1762 2787 ad

152 2811 318 2841 humorem
332 2807 371 2840 A.
419 2808 576 2839 redhalat
597 2807 643 2839 Is.
661 2807 759 2839 Voss.
776 2807 813 2839 in
829 2817 893 2840 ms.
911 2810 1009 2840 notes
1026 2808 1079 2840 for
1093 2810 1264 2840 redralat:
1288 2808 1333 2841 he
1348 2809 1422 2841 also
1437 2819 1600 2849 proposes
1619 2810 1761 2841 relatrat

151 2863 231 2895 ‘i.e.
247 2861 395 2903 reposcit
407 2863 427 2895 '.
475 2863 609 2894 rehalat
626 2865 653 2894 A
669 2872 756 2894 corr.
773 2863 865 2902 vulg.
1041 2863 1104 2895 524
1120 2865 1210 2895 inter
1225 2863 1320 2895 Nice.
1341 2864 1392 2894 for
1408 2865 1477 2895 inte
1492 2863 1533 2901 B,
1550 2865 1614 2895 ime
1629 2863 1670 2895 A.

195 2919 258 2951 527
273 2927 631 2958 sorsum...sorsumque
653 2916 750 2949 Koch
766 2916 803 2949 in
819 2917 945 2949 Rhein.
961 2926 1051 2948 mus.
1069 2927 1105 2949 n.
1122 2917 1146 2949 f.
1163 2927 1228 2949 vm
1243 2927 1277 2958 p.
1295 2918 1358 2949 640
1374 2918 1428 2949 for
1446 2927 1760 2950 sursmn...sursum-

151 2983 224 3014 que.
259 2982 564 3012 cursu...cursuque
579 2971 686 3004 Lach.
789 2972 852 3004 531
869 2973 978 3004 euntis
994 2972 1023 3003 B
1036 2981 1121 3004 corr.
1132 2971 1233 3004 Pont.
1247 2972 1374 3006 Avanc.
1390 2972 1444 3004 for
1459 2974 1592 3004 ‹wint-is.
1629 2975 1759 3005 aventis
