1997 3267
919 198 985 242 VI
1673 210 1752 256 255

259 313 306 351 te
335 308 444 350 duce
475 314 525 350 ut
557 306 717 364 insigni
747 306 913 362 capiam
946 321 1043 348 cum
1075 305 1202 348 laude
1232 320 1439 349 coronam.
1698 318 1753 362 95

321 377 536 433 Principio
568 377 732 418 tonitru
765 374 1024 431 quatiuntur
1053 374 1223 416 caerula
1254 374 1361 417 caeli

261 451 488 502 propterea
518 446 620 502 quia
650 449 912 487 concurrunt
942 443 1128 485 sublime
1162 442 1354 485 volantes

259 515 479 558 aetheriae
510 514 647 556 nubes
678 519 827 555 contra
857 511 1147 569 pugnantibu’
1178 512 1331 554 ventis.

261 596 342 625 nec
372 582 423 625 fit
454 581 570 624 enim
602 581 768 623 sonitus
799 580 905 622 caeli
936 580 989 622 de
1019 585 1144 636 parte
1175 595 1336 632 serena,

262 666 410 694 verum
444 651 707 707 ubicumque
738 649 877 706 magis
907 649 1040 692 denso
1071 655 1173 692 sunt
1204 650 1378 706 agmine
1408 651 1556 701 nubes,
1680 663 1760 694 100

262 725 354 762 tam
386 720 524 776 magis
556 719 655 761 hinc
686 733 843 775 magno
874 718 1072 760 fremitus
1104 718 1155 761 fit
1185 734 1405 761 murmure
1437 734 1572 775 saepe.

263 794 486 846 praeterea
517 803 658 845 neque
691 794 782 831 tam
813 789 1025 830 condenso
1056 803 1228 844 corpore
1258 789 1395 831 nubes

263 873 355 901 esse
387 865 554 914 queunt
585 873 714 914 quam
747 863 850 900 sunt
880 857 1046 913 lapides
1076 872 1125 899 ac
1157 857 1291 914 tigna,
1321 872 1460 914 neque
1492 863 1637 900 autem

264 934 354 970 tam
386 933 540 970 tenues
571 942 699 983 quam
732 932 836 969 sunt
866 926 1049 968 nebulae
1082 927 1277 982 fumique
1309 927 1528 980 volantes;

263 1012 364 1039 nam
396 997 546 1039 cadere
577 1002 655 1039 aut
686 997 814 1038 bruto
845 995 1054 1038 deberent
1084 996 1271 1052 pondere
1303 1011 1471 1052 pressae
1682 1008 1756 1050 105

262 1072 315 1108 ut
346 1065 522 1122 lapides,
553 1072 631 1108 aut
662 1072 712 1108 ut
745 1066 888 1107 fumus
919 1071 1114 1107 constare
1146 1065 1375 1121 nequirent

264 1150 343 1178 nec
373 1136 570 1178 cohibere
603 1136 723 1178 nives
753 1135 919 1193 gelidas
950 1140 995 1177 et
1025 1134 1247 1192 grandinis
1279 1134 1438 1176 imbris.

263 1205 371 1247 dant
402 1205 534 1247 etiam
566 1205 758 1247 sonitum
791 1204 930 1260 patuli
962 1219 1091 1260 super
1120 1218 1307 1259 aequora
1338 1204 1501 1254 mundi,

264 1273 466 1316 carbasus
496 1279 548 1316 ut
579 1273 796 1330 quondam
828 1273 994 1328 magnis
1025 1273 1197 1314 intenta
1228 1272 1411 1314 theatris

263 1342 346 1396 dat¹
371 1342 585 1399 crepitum
618 1343 753 1385 malos
784 1342 900 1384 inter
929 1342 1091 1384 iactata
1123 1341 1380 1397 trabesque;
1683 1353 1763 1383 110

265 1411 485 1454 interdum
516 1413 723 1468 perscissa
754 1412 860 1454 furit
891 1412 1193 1468 petulantibus
1223 1410 1340 1453 auris

264 1485 310 1522 et
341 1481 504 1537 fragilis
533 1482 696 1524 sonitus
727 1481 974 1522 chartarum
1006 1479 1365 1522 commeditatur:

265 1549 310 1591 id
341 1564 511 1606 quoque
543 1549 659 1592 enim
691 1564 827 1605 genus
858 1549 904 1591 in
934 1549 1100 1591 tonitru
1132 1563 1385 1606 cognoscere
1415 1548 1575 1604 possis:

263 1625 341 1661 aut
373 1619 448 1661 ubi
479 1634 730 1675 suspensam
765 1626 926 1661 vestem
959 1619 1215 1674 chartasque
1250 1618 1436 1660 volantis

265 1688 515 1730 verberibus
546 1689 668 1731 venti
698 1694 872 1731 versant
903 1689 1203 1745 planguntque
1235 1702 1314 1743 per
1345 1701 1481 1729 auras.
1684 1698 1756 1740 115

265 1758 316 1799 fit
347 1773 517 1814 quoque
548 1759 663 1800 enim
694 1759 914 1800 interdum
950 1765 992 1801 zet
1023 1773 1108 1800 non
1140 1764 1230 1799 tam
1261 1771 1509 1799 concurrere
1540 1756 1676 1799 nubes

267 1827 479 1870 frontibus
511 1827 702 1870 adversis
732 1829 898 1883 possint
931 1843 1060 1884 quam
1091 1828 1145 1870 de
1182 1828 1316 1869 latere
1346 1827 1407 1868 ire

267 1896 436 1938 diverso
466 1901 586 1938 motu
619 1896 822 1938 radentes
852 1911 1026 1952 corpora
1056 1896 1243 1946 tractim,

267 1965 412 2008 aridus
442 1966 558 2008 unde
588 1966 705 2009 auris
735 1972 879 2023 terget
909 1981 1038 2008 sonus
1069 1965 1141 2008 ille
1172 1965 1334 2021 diuque

266 2034 452 2086 ducitur,
482 2036 683 2078 exierunt
713 2037 848 2078 donec
878 2036 1126 2093 regionibus
1157 2035 1275 2078 artis.
1685 2047 1763 2077 120

153 2214 385 2247 emendation.
481 2216 544 2248 102
559 2217 660 2248 nubes
670 2216 761 2248 Flor.
776 2217 815 2247 31
828 2216 927 2247 Pont.
940 2215 1026 2247 Mar.
1039 2214 1114 2248 Ald.
1131 2215 1148 2246 1
1161 2215 1182 2246 J
1185 2216 1260 2246 unt.
1272 2214 1325 2246 for
1334 2224 1426 2247 nure.
1468 2216 1550 2246 mire
1561 2215 1589 2245 N
1593 2214 1654 2246 icc.
1666 2213 1760 2245 Brix.

154 2269 231 2301 Ver.
247 2270 332 2302 Ven.
520 2271 582 2302 103
599 2272 729 2312 lapides
745 2270 837 2302 Flor.
855 2271 894 2302 31
909 2270 983 2302 Ver.
1004 2270 1088 2303 Ven.
1109 2269 1160 2301 for
1168 2270 1318 2310 pepides.
1366 2271 1459 2309 tigna
1475 2268 1566 2301 Flor.
1584 2269 1624 2300 31
1641 2268 1761 2301 Gamb.

155 2324 242 2356 Mar.
254 2324 352 2356 Junt.
365 2324 419 2357 for
433 2326 541 2365 ἄρηα.
588 2335 679 2365 uyna
695 2324 790 2357 Nicc.
837 2326 930 2365 liyna
946 2324 1022 2356 Ver.
1042 2324 1127 2356 Ven.
1144 2324 1273 2356 Avanc.
1384 2324 1446 2355 105
1470 2324 1557 2355 Nam
1572 2325 1688 2355 cadere
1703 2328 1763 2355 aut

154 2380 249 2411 bruto
272 2378 364 2411 Flor.
381 2379 422 2411 31
447 2379 567 2412 Oamb.
585 2379 632 2412 all
655 2379 735 2412 Vat.
754 2379 850 2410 Brix.
873 2379 950 2411 Ver.
975 2378 1061 2410 Ven.
1085 2378 1169 2410 Mar.
1193 2378 1291 2410 Junt.
1316 2377 1369 2410 for
1392 2379 1481 2409 Nam
1503 2378 1620 2410 cadere
1642 2379 1701 2409 avi
1721 2377 1762 2415 Β,

156 2434 246 2466 Nam
260 2435 400 2466 candere
417 2438 476 2466 aut
491 2434 521 2465 A
535 2443 623 2466 corr.
641 2435 734 2474 (says
753 2433 861 2465 Lach.
878 2432 941 2464 but
956 2433 972 2464 ἱ)
987 2443 1021 2473 p.
1038 2443 1085 2464 111.
1102 2432 1187 2475 also)
1205 2432 1298 2466 Nico.
1351 2436 1413 2464 aut
1428 2432 1458 2463 is
1476 2431 1765 2473 unquestionably

154 2487 268 2529 right:
292 2498 402 2530 comp.
421 2489 504 2522 1198
520 2490 578 2521 avi
594 2499 676 2521 mss.
698 2488 750 2520 for
766 2493 838 2520 aut.
884 2489 973 2520 Nam
996 2489 1111 2520 cadere
1128 2489 1270 2529 abrupto
1285 2487 1413 2519 Avanc.
1459 2488 1548 2519 Nam
1567 2492 1627 2519 aut
1648 2488 1764 2519 cadere

157 2544 298 2585 abrupto
322 2543 444 2575 Lamb.
489 2545 531 2575 ab
556 2545 650 2576 bruto
672 2543 780 2575 Lach.
958 2543 1021 2574 110
1043 2543 1146 2575 malos
1168 2543 1259 2576 Flor.
1284 2544 1324 2574 31
1350 2543 1436 2574 Mar.
1460 2543 1557 2574 Junt.
1574 2542 1627 2574 for
1648 2548 1762 2575 matos.

155 2607 264 2629 muros
280 2597 374 2629 Brix.
391 2598 520 2630 Avanc.
565 2609 616 2630 ma
624 2604 670 2630 tos
689 2598 822 2639 (muros)
839 2598 917 2630 Ver.
934 2598 1018 2629 Ven.
1206 2599 1266 2629 112
1284 2599 1410 2629 sonitus
1427 2597 1536 2629 added
1550 2597 1595 2637 by
1610 2596 1701 2629 Flor.
1722 2598 1763 2628 31

157 2651 275 2686 Camb.
296 2654 358 2686 etc.
504 2652 567 2684 114
590 2662 664 2693 que.
709 2662 748 2684 ve
764 2652 850 2684 Mar.
867 2652 966 2684 Junt.
982 2651 1088 2683 Lach.
1237 2651 1299 2683 115
1310 2653 1542 2692 planguntque
1558 2651 1659 2683 Pont.
1676 2651 1762 2683 Mar.

157 2705 256 2738 Junt.
273 2706 325 2738 for
335 2707 598 2748 planyuentque.
779 2707 841 2739 116
864 2711 903 2739 ut
919 2706 1030 2739 added
1045 2706 1088 2746 by
1103 2706 1194 2737 Flor.
1213 2707 1252 2737 31
1270 2705 1348 2737 vat.
1366 2706 1429 2738 640
1451 2705 1572 2738 Urbin.
1590 2705 1659 2737 and
1680 2706 1764 2739 1136

158 2760 284 2793 Othob.
308 2760 403 2793 Pius.
580 2762 643 2794 118
666 2773 805 2803 corpora
831 2764 965 2794 tractim
988 2762 1138 2794 Gronov.
1164 2761 1274 2793 Faber
1296 2762 1350 2793 for
1372 2771 1503 2801 corpore
1527 2762 1668 2793 tractim.
1718 2760 1763 2793 ‘f.

159 2826 298 2857 corpora
321 2821 415 2848 tactu
427 2816 434 2830 ’
450 2816 572 2848 Heius.
590 2817 629 2848 in
644 2826 709 2849 ms.
727 2820 839 2849 notes.
885 2827 1017 2858 corpore
1040 2821 1184 2848 tractum
1204 2816 1297 2848 Nico.
1314 2816 1406 2847 Flor.
1425 2816 1465 2847 31
1483 2815 1601 2847 Camb.
1618 2815 1666 2847 all
1683 2814 1758 2850 Vat.

156 2873 219 2903 etc,
269 2871 410 2912 corpori?
430 2876 573 2903 tractum
595 2871 680 2905 Mar.
700 2872 798 2904 Junt.
976 2871 1039 2903 120
1059 2872 1214 2902 exierunt
1236 2870 1313 2902 Vat.
1332 2870 1416 2904 1706
1431 2870 1512 2910 Reg.
1530 2870 1583 2901 for
1597 2871 1762 2902 exieram:

155 2925 229 2957 also
244 2924 367 2956 Heins.
383 2925 422 2956 in
437 2935 502 2957 ms.
519 2927 619 2958 notes
634 2925 699 2957 has
718 2927 727 2943 ‘
739 2927 892 2958 exierunt
908 2926 939 2958 s'
954 2926 1015 2958 i.e.
1033 2925 1092 2957 the
1107 2935 1170 2958 ms.
1191 2925 1229 2956 of
1243 2924 1380 2956 Modius
1394 2924 1471 2956 who
1486 2926 1580 2956 must
1594 2924 1764 2957 therefore

155 2979 243 3011 have
262 2978 344 3011 read
364 2978 401 3010 in
422 2978 450 3010 it
471 2981 635 3018 exierunt,
651 2990 689 3012 as
711 2980 771 3012 the
792 2979 844 3012 ed.
861 2980 968 3012 Paris.
992 2979 1074 3012 1565
1096 2979 1160 3011 has
1183 2981 1317 3017 exierit,
1336 2989 1373 3011 as
1389 2979 1517 3010 wellas
1532 2978 1653 3010 Lamb.
1671 2978 1723 3012 ed.
1744 2980 1761 3010 1
