1997 3267
260 183 340 223 228
1032 182 1072 223 V

372 287 580 328 imbribus
611 292 655 329 et
686 287 821 329 calido
852 288 949 329 solis
980 294 1175 329 concreta
1204 302 1381 343 Vapore3

371 371 454 412 quo
485 356 626 397 minus
657 362 721 397 est
751 357 907 397 mirum
939 357 975 397 si
1006 362 1101 398 tum
1132 362 1233 398 sunt
1263 357 1387 412 plura
1417 363 1560 399 coorta

371 429 416 465 et
446 424 618 474 maiora,
648 440 757 466 nova
787 425 940 466 tellure
971 431 1101 480 atque
1131 426 1304 467 aethere
1335 426 1494 468 adulta.
1769 429 1853 469 800

370 492 580 548 principio
609 507 746 548 genus
777 493 960 534 alituum
993 494 1217 549 variaeque
1248 495 1438 536 volucres

370 577 449 604 ova
477 563 778 618 relinquebant
810 563 1003 605 exclusae
1034 569 1225 618 tempore
1255 578 1395 613 verno,

370 631 576 672 folliculos
607 637 657 672 ut
687 647 800 673 nunc
831 632 979 673 teretis
1010 637 1173 674 aestate
1204 632 1372 674 cicadae

370 698 536 740 lincunt
566 704 717 754 sponte
749 714 825 741 sua
855 700 1016 741 victum
1047 700 1266 755 vitamque
1297 706 1506 756 petentes.

370 772 464 808 tum
495 767 575 808 tibi
606 773 718 808 terra
748 768 868 809 dedit
899 768 1086 824 primum
1117 769 1313 810 mortalia
1344 769 1489 811 saecla.
1767 772 1846 822 805

370 835 533 876 multus
564 835 678 876 enim
710 836 821 876 calor
850 842 980 891 atque
1011 851 1133 878 umor
1163 837 1391 892 superabat
1422 838 1467 878 in
1498 837 1618 880 arvis.

370 904 447 945 hoc
478 904 553 945 ubi
584 919 777 960 quaeque
809 905 889 946 loci
918 905 1036 961 regio
1067 912 1307 961 opportuna
1337 906 1532 956 dabatur,

369 973 614 1014 crescebant
645 974 757 1015 uteri
787 980 945 1015 terram
975 975 1188 1016 radicibus
1218 975 1333 1030 apti3

370 1057 473 1098 quos
504 1042 579 1083 ubi
609 1048 799 1097 tempore
831 1049 998 1084 maturo
1028 1044 1288 1099 patefecerat
1317 1050 1461 1086 aestus

368 1111 581 1152 infantum
612 1111 780 1167 fugiens
810 1127 1001 1153 umorem
1033 1127 1240 1168 aurasque
1271 1118 1501 1168 petessens‚
1766 1116 1851 1158 810

369 1180 642 1222 convertebat
671 1180 733 1221 ibi
764 1188 917 1222 natura
948 1181 1153 1222 foramina
1182 1187 1321 1223 terrae

369 1254 413 1290 et
443 1264 591 1290 sucum
625 1249 744 1290 venis
774 1249 952 1305 cogebat
983 1249 1160 1291 fundere
1191 1249 1350 1304 apertis

369 1316 630 1358 consimilem
660 1317 794 1366 lactis
826 1317 936 1358 sicut
967 1333 1080 1358 nunc
1110 1318 1269 1359 femina
1299 1333 1493 1373 quaeque

368 1399 465 1427 cum
495 1386 673 1441 peperit,
704 1386 818 1427 dulci
847 1387 1037 1442 repletur
1067 1387 1186 1435 lacte,
1217 1387 1329 1442 quod
1361 1387 1497 1428 omnis

368 1453 557 1509 impetus
586 1454 631 1495 in
663 1469 868 1496 mammas
900 1455 1161 1496 convertitur
1189 1455 1260 1496 ille
1291 1455 1497 1497 alimenti.
1765 1459 1844 1510 815

370 1528 482 1564 terra
513 1522 655 1564 cibum
686 1523 839 1578 pueris,
870 1529 1034 1564 vestem
1066 1538 1206 1579 vapor,
1237 1523 1369 1565 herba
1400 1524 1540 1565 cubile

367 1591 600 1646 praebebat
631 1592 768 1633 multa
799 1598 842 1633 et
874 1592 991 1633 molli
1022 1592 1224 1647 lanugine
1255 1592 1488 1634 abundans.

368 1665 414 1701 at
444 1660 612 1701 novitas
642 1661 792 1701 mundi
823 1675 900 1702 nec
931 1661 1086 1717 frigora
1117 1661 1224 1702 dura
1253 1661 1393 1702 ciebat

368 1743 445 1770 nec
475 1728 629 1769 nimios
659 1735 803 1770 aestus
833 1744 911 1770 nec
941 1729 1108 1785 magnis
1139 1729 1300 1771 viribus
1330 1744 1465 1771 auras.

368 1799 510 1840 omnia
540 1798 653 1839 enim
684 1799 844 1853 pariter
874 1805 1068 1840 crescunt
1100 1804 1143 1840 et
1174 1799 1322 1840 robora
1353 1804 1539 1841 sumunt.
1765 1802 1848 1843 820

427 1865 568 1917 Quare
600 1865 731 1907 etiam
763 1872 892 1922 atque
924 1867 1055 1908 etiam
1088 1873 1326 1908 maternum
1360 1882 1517 1908 nomen
1547 1868 1705 1924 adepta

367 1941 481 1976 terra
511 1940 630 1976 tenet
664 1935 825 1983 merito,
857 1935 1059 1990 quoniam
1089 1950 1226 1991 genus
1256 1935 1349 1991 ipsa
1378 1936 1538 1977 creavit

368 2004 604 2044 humanum
635 2009 765 2058 atque
796 2004 953 2044 animal
985 2018 1114 2059 prope
1146 2009 1262 2045 certo
1293 2012 1483 2060 tempore
1514 2004 1626 2046 fudit

368 2087 491 2113 omne
523 2072 635 2127 quod
666 2072 710 2113 in
741 2073 909 2129 magnis
939 2073 1172 2115 bacchatur
1203 2074 1412 2115 montibu'
1442 2074 1613 2129 passim,

366 2140 584 2196 aeriasque
617 2141 742 2181 simul
775 2141 965 2183 volucres
995 2142 1249 2183 variantibu'
1280 2142 1434 2183 formis.
1764 2145 1842 2196 825

367 2209 440 2250 sed
472 2209 572 2264 quia
602 2209 730 2250 finem
763 2210 950 2265 aliquam
981 2211 1174 2265 pariendi
1205 2211 1334 2252 debet
1365 2211 1532 2261 habere,

366 2277 546 2327 destitit,
579 2284 628 2319 ut
660 2279 813 2319 mulier
844 2279 981 2334 spatio
1012 2280 1176 2321 defessa
1205 2286 1385 2322 vetusto.

367 2350 508 2385 mutat
540 2345 653 2386 enim
685 2345 835 2386 mundi
864 2352 1063 2388 naturam
1094 2348 1227 2389 totius
1257 2354 1375 2389 aetas

366 2426 419 2454 ex
449 2412 615 2468 alioque
646 2413 755 2454 alius
786 2420 924 2455 status
955 2415 1147 2470 excipere
1179 2416 1321 2457 omnia
1350 2415 1491 2465 debet,

251 2612 345 2643 three
375 2611 636 2651 independently
659 2612 710 2643 for
733 2614 870 2644 credunt
900 2615 1107 2645 committere.
1155 2619 1295 2646 tentaret
1319 2616 1447 2646 credere
1470 2614 1587 2647 Lamb.
1780 2617 1844 2648 800

251 2668 377 2698 maim-a
396 2667 494 2697 Pont.
512 2667 594 2698 Mar.
616 2667 742 2698 Avanc.
759 2667 795 2698 in
812 2670 908 2699 notes
925 2670 960 2699 at
975 2668 1040 2699 end
1056 2669 1092 2700 of
1107 2669 1271 2709 Catullus,
1292 2670 1388 2701 Junt.
1406 2670 1458 2701 for
1472 2671 1607 2701 maiore.
1780 2672 1842 2703 805

247 2724 403 2761 primum.
448 2724 574 2762 passim
589 2721 692 2754 Lach.
714 2722 857 2753 without
874 2733 941 2763 any
957 2723 1132 2764 necessity.
1306 2725 1368 2755 808
1385 2729 1505 2755 terram
1519 2724 1577 2754 AB
1593 2723 1684 2756 Nice.
1703 2724 1837 2766 rightly.

252 2780 356 2805 terrae
373 2775 463 2814 vulg.
481 2775 593 2806 before
609 2775 713 2806 Lach.
846 2776 907 2808 809
925 2781 1033 2807 aestus
1049 2777 1154 2807 Lach.
1172 2777 1225 2808 for
1241 2782 1360 2808 aestas.
1406 2783 1497 2808 aetas
1514 2777 1598 2808 Mar.
1615 2777 1691 2808 Ald.
1709 2778 1726 2807 1
1743 2777 1840 2809 Junt.

251 2828 339 2866 vulg.
479 2829 541 2858 812
563 2830 609 2859 Et
632 2828 720 2860 Flor.
742 2830 782 2859 31
806 2829 922 2860 Camb.
940 2829 991 2860 for
1012 2831 1065 2861 Ut.
1208 2831 1270 2861 823
1293 2832 1421 2861 animal
1442 2830 1527 2861 Mar.
1544 2830 1618 2863 Ald.
1641 2832 1658 2862 1
1675 2832 1768 2863 Junt.
1791 2831 1842 2863 for
1866 2823 1870 2826 ⁴

251 2883 375 2912 anima.
423 2884 550 2913 (mimas
572 2882 601 2913 A
622 2892 704 2914 corr.
727 2882 821 2913 Nice.
839 2883 883 2914 all
904 2884 989 2914 later
1009 2893 1091 2914 mss.
1138 2886 1288 2915 animans
1304 2884 1417 2915 Wak.:
1442 2884 1504 2915 but
1525 2886 1675 2916 animans
1695 2885 1725 2916 is
1745 2885 1840 2916 femi-

251 2937 332 2968 nine
347 2936 383 2967 in
399 2936 498 2967 Lucr.
673 2938 736 2968 824
752 2939 879 2977 maynis
896 2938 986 2969 Flor.
1005 2939 1044 2968 31
1063 2938 1178 2971 Camb.
1199 2939 1291 2970 Mon.
1309 2939 1408 2970 Pont.
1425 2939 1477 2970 for
1493 2940 1616 2979 magni.
1778 2941 1840 2971 825
