1997 3267
205 158 289 201 216
990 158 1030 194 V

319 273 493 323 propter
523 267 740 308 dissimilis
771 267 926 309 formas
957 267 1180 322 variasque
1211 266 1370 323 figuras
1723 279 1811 321 440

319 337 432 393 quod
461 352 547 379 non
577 336 720 378 onmia
749 336 809 377 sic
838 342 1037 391 poterant
1068 335 1295 378 coniuncta
1325 350 1497 378 manere

202 416 283 459 445
319 421 396 448 nec
426 412 569 447 motus
599 405 713 447 inter
743 420 834 447 sese
865 405 965 446 dare
996 405 1300 447 convenientis.

203 487 287 529 437
320 475 526 530 diffugere
558 474 657 516 inde
688 474 769 515 loci
798 480 942 529 partes
973 489 1146 529 coepere
1178 489 1386 530 paresque

319 557 417 584 cum
447 542 623 597 paribus
654 541 774 597 iungi
806 556 871 582 res
901 546 945 582 et
976 541 1213 583 discludere
1244 541 1455 583 mundum

319 611 597 666 membraque
628 611 818 652 dividere
850 616 894 652 et
926 626 1102 667 magnas
1134 611 1358 666 disponere
1389 617 1544 668 partes,
1720 621 1803 666 445

203 684 288 733 446
319 681 398 722 hoc
429 686 504 729 est,
535 695 561 721 a
592 680 717 721 terris
748 680 885 721 altum
917 694 1134 722 secernere
1167 681 1333 721 caelum

319 755 363 791 et
393 764 557 790 sorsum
588 764 704 790 mare
737 749 804 790 uti
834 755 996 790 secreto
1028 764 1174 791 umore
1206 755 1387 805 pateret,

319 832 484 859 seorsus
515 816 621 858 item
652 817 750 872 puri
781 817 1019 873 secretique
1050 818 1238 859 aetheris
1269 817 1401 873 ignes.

379 886 551 941 Quippe
583 885 745 926 etenim
777 886 965 940 primum
996 887 1126 928 terrai
1158 901 1331 942 corpora
1361 902 1571 943 quaeque,

318 960 543 1010 propterea
573 955 685 1009 quod
718 960 840 996 erant
870 955 1018 1011 gravia
1049 961 1095 1010 et
1123 955 1337 1011 perplexa,
1369 956 1541 998 coibant
1720 967 1808 1011 450

318 1024 363 1064 in
393 1023 534 1064 medio
565 1029 694 1078 atque
726 1023 834 1064 imas
865 1023 1092 1079 capiebant
1124 1024 1267 1065 omnia
1297 1024 1444 1076 sedes;

319 1107 428 1147 quae
459 1098 621 1147 quanto
652 1092 789 1148 magis
820 1092 934 1134 inter
964 1108 1007 1134 se
1039 1093 1244 1148 perplexa
1274 1093 1457 1141 coibant,

319 1168 409 1202 tam
441 1161 577 1217 magis
609 1176 852 1217 expressere
884 1177 934 1203 ea
965 1177 1073 1218 quae
1106 1178 1221 1204 mare
1253 1163 1393 1204 sidera
1423 1164 1555 1205 solem

319 1230 550 1286 lunamque
582 1230 798 1272 efficerent
829 1236 874 1272 et
905 1232 1052 1287 magni
1082 1232 1251 1273 moenia
1282 1233 1443 1274 mundi.

318 1299 461 1341 omnia
491 1299 607 1340 enim
638 1300 776 1355 magis
807 1300 911 1341 haec
943 1315 965 1342 e
998 1300 1162 1342 levibus
1194 1307 1323 1356 atque
1355 1302 1557 1344 rutundis
1719 1313 1801 1357 455

319 1368 553 1410 seminibus
584 1369 807 1424 multoque
838 1369 1064 1410 minoribu'
1096 1377 1197 1411 sunt
1229 1371 1453 1413 elementis

319 1453 447 1493 quam
479 1438 618 1479 tellus.
680 1438 786 1487 ideo,
818 1453 893 1493 per
923 1453 1018 1480 rara
1048 1439 1267 1489 foramina,
1298 1446 1437 1482 terrae

320 1506 515 1562 partibus
545 1521 774 1561 erumpens
804 1506 968 1562 primus
999 1522 1043 1548 se
1075 1508 1252 1550 sustulit
1283 1509 1433 1551 aether

318 1575 474 1631 ignifer
504 1580 548 1616 et
579 1575 738 1616 multos
769 1590 913 1617 secum
944 1576 1049 1617 levis
1079 1577 1261 1618 abstulit
1292 1578 1415 1634 ignis,

316 1656 401 1683 non
432 1641 515 1682 alia
546 1641 670 1697 longe
701 1642 868 1683 ratione
899 1657 947 1684 ac
979 1658 1104 1698 saepe
1138 1643 1344 1694 videmus,
1719 1647 1807 1699 460

318 1722 448 1749 aurea
478 1722 575 1748 cum
607 1707 794 1762 primum
826 1709 1088 1764 gemmantis
1119 1724 1210 1750 rore
1242 1725 1318 1766 per
1349 1711 1502 1754 herbas

318 1776 534 1817 matutina
563 1777 722 1818 rubent
752 1776 908 1818 radiati
940 1778 1104 1819 lumina
1135 1779 1235 1820 solis

319 1846 610 1901 exhalantque
642 1846 758 1887 lacus
789 1847 990 1888 nebulam
1026 1847 1234 1903 fluviique
1265 1863 1485 1904 perennes,

317 1914 494 1970 ipsaque
525 1920 575 1956 ut
606 1914 825 1956 interdum
856 1916 985 1957 tellus
1017 1917 1180 1958 fumare
1212 1917 1410 1970 videtur3

317 1984 461 2025 omnia
491 1998 600 2038 quae
632 1999 801 2025 sursum
833 2000 931 2026 cum
963 1985 1257 2036 conciliantur,
1288 1986 1333 2027 in
1364 1987 1452 2029 alto
1716 1993 1798 2045 465

316 2068 488 2108 corpore
519 2059 714 2095 concreto
745 2054 984 2096 subtexunt
1015 2055 1163 2096 nubila
1195 2056 1370 2097 caelum.

317 2123 376 2163 sic
406 2123 541 2177 igitur
571 2129 664 2164 tum
696 2137 741 2164 se
773 2123 878 2164 levis
909 2139 957 2164 ac
989 2124 1190 2165 diffusilis
1220 2125 1372 2166 aether

318 2205 487 2246 corpore
518 2196 715 2233 concreto
746 2192 1036 2234 circumdatus
1067 2192 1257 2248 undique
1280 2194 1406 2248 flexit

318 2264 362 2300 013
394 2259 480 2300 late
511 2259 693 2300 diffusus
723 2259 768 2300 in
800 2260 937 2301 omnis
970 2260 1159 2315 undique
1189 2261 1324 2316 partis

316 2327 458 2367 omnia
489 2327 548 2368 sic
577 2327 702 2368 avido
733 2329 957 2383 complexu
990 2334 1130 2370 cetera
1161 2329 1334 2384 saepsit.
1714 2344 1803 2387 470

316 2393 429 2435 hunc
460 2395 632 2436 exordia
662 2402 764 2437 sunt
795 2396 896 2437 solis
927 2396 1140 2451 lunaeque
1171 2401 1332 2446 secuta,

202 2596 324 2635 before,
342 2596 393 2628 for
411 2598 608 2635 Omniyenus
625 2607 640 2628 e
657 2597 696 2637 B,
719 2598 908 2637 Omniyenis
924 2609 940 2630 e
955 2599 984 2629 A
1000 2598 1092 2630 Nicc.
1109 2599 1197 2639 vulg.
1398 2600 1460 2632 446
1486 2601 1597 2633 altum.
1646 2612 1800 2643 maynum

202 2650 307 2682 Macr.
448 2650 511 2682 447
527 2661 636 2682 umore
654 2651 804 2682 Macrob.
822 2652 850 2682 B
867 2662 953 2684 corr.
971 2652 1047 2684 Vat.
1068 2653 1153 2686 3276
1171 2654 1269 2686 Pont.
1291 2654 1311 2685 J
1314 2657 1385 2687 unt.
1406 2656 1459 2686 for
1474 2666 1576 2688 umor.
1623 2658 1800 2699 humorque

201 2704 293 2735 Nice.
310 2704 401 2735 Flor.
419 2705 458 2735 31
477 2704 593 2737 Camb.
614 2706 634 2735 4
650 2705 728 2736 Vat.
745 2706 838 2737 Brix.
857 2706 934 2737 Ver.
951 2707 1035 2738 Ven.
1053 2708 1182 2739 Avanc.
1285 2708 1350 2740 458
1371 2719 1404 2740 se
1420 2709 1512 2741 Nico.
1531 2710 1583 2741 for
1598 2716 1640 2742 et.

244 2759 308 2791 459
330 2760 471 2799 Iynifer.
518 2760 669 2800 Signifer
690 2760 767 2792 Ver.
790 2760 872 2793 Ven.
899 2761 975 2792 Ald.
999 2762 1016 2791 1
1039 2761 1136 2793 Junt.
1160 2765 1234 2803 (not
1255 2763 1358 2802 Mar.)
1378 2763 1499 2795 Lamb.
1522 2769 1585 2795 etc.
1605 2774 1650 2796 on
1670 2775 1716 2797 no
1732 2776 1796 2798 ms.

202 2812 387 2852 authority,
405 2812 535 2852 though
551 2813 671 2844 Lamb.
690 2814 811 2854 falsely
828 2824 906 2855 says
923 2815 969 2846 all
984 2825 1064 2847 mss.
1082 2816 1168 2847 have
1183 2817 1222 2849 it.
1450 2819 1513 2850 460
1529 2818 1592 2850 463
1607 2820 1793 2854 videmus...

201 2867 450 2906 Exhalantque.
495 2867 846 2900 videntur...Exalare
869 2869 990 2902 Lamb.:
1015 2880 1035 2901 a
1051 2871 1179 2903 violent
1200 2871 1330 2911 change
1345 2872 1456 2904 which
1477 2873 1559 2914 only
1575 2873 1716 2914 impairs
1738 2875 1796 2907 the

202 2919 326 2959 beauty
343 2919 378 2950 of
393 2918 450 2950 the
465 2929 618 2960 passage.
829 2922 892 2954 468
907 2924 1008 2963 fleaeit
1023 2923 1129 2955 Lach.
1146 2924 1199 2956 for
1213 2927 1356 2966 saepsit:
1378 2927 1503 2967 saepsit
1517 2926 1580 2958 has
1597 2936 1692 2958 come
1707 2927 1795 2959 from
