1997 3267
211 183 291 213 222

999 169 1040 210 V

324 276 501 318 forsitan
532 281 576 317 et
606 290 726 317 rosea
756 275 817 316 sol
849 275 934 317 alte
966 274 1162 330 lampade
1193 275 1340 316 lucens

323 345 539 400 possideat
570 344 758 385 multum
789 343 923 385 caecis
955 344 1191 385 fervoribus
1221 343 1366 398 ignem

325 412 483 453 circum
514 426 571 462 se,
600 412 719 453 nullo
750 412 826 466 qui
857 411 912 452 sit
944 412 1107 468 fulgore
1138 417 1326 461 notatus,

324 481 497 522 aestifer
527 486 577 522 ut
608 486 782 522 tantum
812 480 1028 521 radiorum
1060 486 1272 535 exaugeat
1303 480 1448 522 ictum.

385 549 426 589 N
431 564 477 590 ec
508 548 617 590 ratio
648 549 748 590 solis
778 548 960 604 simplex
991 554 1028 590 et
1058 555 1175 590 certa
1205 549 1402 604 patescit,

325 632 409 673 quo
439 623 565 673 pacto
595 617 769 658 aestivis
800 632 823 658 e
854 616 1050 672 partibus
1080 616 1342 672 aegocerotis

325 686 532 728 brumalis
561 686 689 727 adeat
720 686 856 727 flexus
887 692 1018 741 atque
1048 686 1148 727 inde
1180 691 1399 727 revertens

326 755 466 797 cancri
497 769 540 796 se
572 761 622 795 ut
653 760 794 796 vertat
825 760 962 795 metas
993 754 1047 795 ad
1077 753 1327 802 solstitialis,

327 824 513 879 lunaque
544 823 764 865 mensibus
794 822 838 863 id
869 822 1059 878 spatium
1090 822 1289 863 videatur
1319 821 1447 873 obire,

327 908 471 933 annua
500 892 560 933 sol
592 892 637 933 in
669 907 752 947 quo
784 891 996 933 consumit
1028 897 1223 946 tempora
1253 905 1389 933 cursu.

327 978 424 1012 non,
455 963 643 1017 inquam,
675 962 856 1017 simplex
888 962 955 1002 his
985 961 1112 1003 rebus
1143 961 1311 1003 reddita
1341 966 1518 1004 causast.

328 1047 427 1072 nam
458 1031 550 1072 fieri
582 1031 649 1073 vel
681 1046 778 1072 cum
809 1031 959 1086 primis
990 1030 1034 1072 id
1064 1046 1184 1086 posse
1216 1031 1399 1081 videtur,

329 1100 566 1142 Democriti
596 1100 708 1155 quod
741 1105 890 1141 sancta
919 1099 999 1140 viri
1031 1099 1247 1141 sententia
1278 1099 1410 1154 ponit,

329 1175 490 1224 quanto
521 1184 716 1224 quaeque
746 1168 884 1224 magis
913 1168 1002 1209 sint
1033 1174 1192 1209 terram
1223 1168 1362 1209 sidera
1392 1173 1576 1223 propter,

329 1244 452 1280 tanto
482 1253 602 1294 posse
634 1238 777 1278 minus
808 1252 906 1278 cum
937 1237 1044 1279 caeli
1075 1237 1247 1279 turbine
1280 1237 1389 1280 ferri.

330 1323 579 1350 evanescere
611 1307 725 1349 enim
755 1307 925 1362 rapidas
956 1307 1071 1348 illius
1103 1312 1147 1348 et
1177 1307 1285 1348 acris

330 1376 531 1418 imminui
560 1381 709 1430 supter
739 1375 852 1425 viris,
885 1375 1065 1430 ideoque
1096 1375 1281 1430 relinqui

329 1445 538 1501 paulatim
570 1445 700 1486 solem
731 1459 828 1487 cum
860 1444 1154 1499 posterioribu'
1185 1444 1333 1500 signis,

330 1514 504 1556 inferior
534 1514 671 1555 multo
702 1513 814 1569 quod
845 1514 902 1555 sit
933 1529 1061 1569 quam
1093 1513 1255 1555 fervida
1286 1513 1418 1569 signa,

331 1588 376 1624 et
406 1581 543 1638 magis
574 1581 652 1622 hoc
683 1581 854 1622 lunam:
895 1588 1056 1636 quanto
1087 1582 1308 1623 demissior
1337 1583 1430 1624 eius

331 1663 477 1690 cursus
508 1648 630 1689 abest
661 1648 808 1703 procul
839 1662 864 1688 a
894 1648 1009 1689 caelo
1040 1648 1248 1703 terrisque
1278 1649 1548 1704 propinquat,

331 1723 453 1759 tanto
485 1732 606 1772 posse
637 1717 780 1758 minus
811 1732 909 1758 cum
940 1717 1072 1772 signis
1104 1717 1279 1759 tendere
1310 1732 1493 1760 cursum.

331 1785 568 1827 flaccidiore
599 1785 761 1826 etenim
793 1791 954 1840 quanto
985 1785 1070 1826 iam
1102 1785 1274 1826 turbine
1307 1786 1443 1827 fertur

331 1853 504 1894 inferior
534 1867 663 1908 quam
693 1853 765 1902 sol,
797 1858 919 1894 tanto
950 1853 1087 1909 magis
1118 1854 1261 1895 omnia
1291 1854 1413 1910 signa

332 1922 441 1962 hanc
472 1921 768 1976 adipiscuntur
799 1921 958 1962 circum
989 1927 1243 1977 praeterque
1276 1923 1480 1965 feruntur.

332 1996 558 2046 propterea
587 1990 637 2031 fit
667 1995 718 2031 ut
750 1990 854 2031 haec
885 1989 939 2031 ad
969 1990 1141 2046 signum
1172 1991 1369 2046 quodque
1399 1991 1557 2034 reverti

335 2058 535 2099 mobilius
566 2058 775 2108 videatur,
806 2059 860 2100 ad
892 2059 1001 2100 hanc
1033 2059 1134 2114 quia
1164 2059 1288 2115 signa
1317 2060 1520 2102 revisunt.

332 2127 384 2168 fit
416 2141 583 2182 quoque
615 2132 665 2167 ut
696 2141 719 2168 e
750 2126 902 2167 mundi
932 2127 1188 2168 transversis
1217 2128 1413 2183 partibus
1443 2143 1515 2170 aer

332 2195 508 2236 alternis
538 2201 653 2236 certo
684 2195 815 2236 fluere
846 2195 955 2237 alter
985 2201 1176 2250 tempore
1207 2196 1354 2251 possit,

333 2262 408 2317 qui
438 2268 567 2317 queat
597 2262 773 2303 aestivis
804 2263 935 2304 solem
965 2262 1193 2304 detrudere
1223 2263 1357 2320 signis

334 2329 538 2371 brumalis
570 2345 703 2385 usque
734 2330 788 2371 ad
819 2331 953 2371 flexus
984 2330 1261 2386 gelidumque
1292 2332 1486 2388 rigorem,

335 2403 380 2440 et
411 2399 484 2453 qui
514 2398 663 2440 reiciat
693 2399 846 2455 gelidis
875 2414 901 2440 a
932 2399 1097 2455 frigoris
1128 2400 1292 2441 umbris

1724 277 1811 318 610

1725 618 1807 670 615

1726 962 1813 1004 620

1725 1309 1807 1361 625

1730 2333 1816 2384 640

222 2597 298 2630 Vat.
317 2598 392 2628 Ver.
411 2596 496 2627 Ven.
534 2598 679 2628 Accencli
691 2597 781 2628 Flor.
796 2598 836 2628 31
855 2597 972 2629 Camb.
992 2599 1010 2629 3
1026 2597 1103 2629 Vat.
1121 2597 1214 2630 Brix.
1235 2598 1334 2629 Pont.
1348 2597 1472 2629 Avanc.
1491 2597 1635 2637 Nauger.
1659 2599 1816 2638 Accipere

223 2651 309 2682 Mar.
326 2651 346 2682 J
350 2654 420 2682 unt.
441 2650 562 2681 Lamb.
576 2663 583 2682 ι
607 2660 661 2681 see
678 2660 705 2681 11
722 2652 816 2682 1025.

221 2706 331 2737 etiam.

222 2813 365 2852 Nauger.

937 2650 1000 2682 610
1023 2656 1065 2683 et.
1114 2662 1130 2682 e
1147 2650 1250 2682 Lach.
1268 2651 1342 2682 who
1359 2650 1428 2681 will
1443 2660 1544 2682 never
1561 2650 1702 2682 tolerate
1717 2655 1748 2681 et
1764 2650 1818 2682 for

467 2705 529 2736 613
552 2705 698 2744 Aestifer
712 2710 749 2735 ut
767 2710 896 2736 tantum
910 2705 999 2736 Flor.
1020 2706 1059 2736 31
1077 2706 1096 2736 3
1112 2705 1190 2736 Vat.
1205 2705 1289 2735 Mar.
1307 2705 1404 2735 Junt.
1421 2704 1474 2735 for
1489 2705 1647 2745 Aestiferi
1662 2709 1816 2735 utantum

222 2759 260 2795 Β,
283 2764 422 2790 utantur
440 2758 470 2789 A
489 2759 582 2789 Nico.
627 2760 829 2799 Aestiferum
847 2763 885 2789 ut
908 2764 1037 2790 tantum
1060 2759 1186 2790 Avanc.
1210 2758 1329 2790 Lamb.
1353 2761 1415 2791 etc.
1464 2759 1663 2798 Aestiferum
1685 2763 1814 2789 tantum

512 2812 574 2843 614
597 2813 736 2852 simplex
753 2819 783 2843 et
799 2818 889 2844 certa
906 2813 970 2845 Ed.
991 2813 1042 2844 for
1059 2815 1196 2854 simplex
1212 2819 1313 2845 recta.
1358 2815 1497 2853 simplex
1512 2823 1570 2844 nec
1586 2817 1677 2845 certa
1691 2812 1810 2845 Lamb.

222 2867 360 2906 simplex
376 2871 435 2897 aut
451 2871 539 2896 recta
557 2865 647 2897 Flor.
665 2867 704 2896 31
724 2866 843 2897 Camb.
861 2868 879 2897 3
896 2866 974 2897 Vat.
1012 2877 1050 2897 ac
1067 2872 1157 2897 recta
1174 2876 1212 2898 or
1227 2872 1258 2898 et
1274 2871 1364 2898 recta
1379 2866 1503 2898 others.
1542 2867 1680 2906 simplex
1695 2867 1818 2897 rellata

222 2921 326 2952 Lach.
345 2923 470 2952 reclusa
485 2921 585 2954 Bern.
721 2921 782 2954 617
809 2923 930 2953 Caneri
946 2932 977 2953 se
993 2921 1098 2953 Lach.
1117 2922 1168 2953 for
1187 2923 1352 2954 Canceris.
1484 2921 1546 2953 632
1569 2923 1691 2953 etenim
1709 2921 1815 2953 Laoh.
