1997 3267
235 208 317 250 272
1007 196 1073 239 VI

351 304 572 360 exagitata
603 304 712 346 foras
744 304 987 361 erumpitur
1017 311 1062 347 et
1092 305 1222 347 simul
1252 305 1385 347 altam

350 373 579 415 diffindens
610 378 769 415 terram
800 388 1008 430 magnum
1040 373 1268 416 concinnat
1300 374 1480 417 hiatum.

350 442 394 484 in
428 442 553 498 Syria
585 442 745 485 Sidone
777 443 891 499 quod
921 443 1078 485 accidit
1111 449 1155 485 et
1187 443 1270 484 fuit
1301 443 1415 500 Aegi
1769 443 1848 496 585

349 513 395 555 in
426 512 728 567 Peloponneso,
758 528 864 568 quas
895 513 1038 555 exitus
1070 512 1139 554 hic
1169 512 1330 554 animai

349 583 566 624 disturbat
598 582 725 624 urbes
757 588 801 623 et
833 589 972 624 terrae
1004 588 1148 624 motus
1178 582 1366 624 obortus.

349 652 574 707 multaque
606 656 827 708 praeterea
857 651 1105 693 ceciderunt
1136 651 1306 693 moenia
1337 650 1504 707 magnis

350 720 540 761 motibus
570 719 615 761 in
647 719 774 761 terris
805 724 850 761 et
881 719 1045 761 multae
1076 734 1152 775 per
1182 734 1299 761 mare
1332 734 1503 775 pessum

349 788 578 829 subsedere
609 787 699 829 suis
730 788 891 843 pariter
921 802 1020 829 cum
1051 788 1217 829 civibus
1249 788 1386 830 urbes.
1771 799 1854 843 590

350 857 463 913 quod
493 856 576 898 nisi
607 857 861 912 prorumpit,
892 863 1039 898 tamen
1070 858 1259 913 impetus
1291 858 1383 913 ipse
1413 857 1574 899 animai

349 931 394 968 et
426 926 513 967 fera
544 926 606 967 vis
637 926 757 967 venti
789 941 865 982 per
894 926 1042 968 crebra
1073 927 1281 969 foramina
1310 933 1448 969 terrae

349 995 604 1050 dispertitur
635 1000 684 1036 ut
716 995 862 1036 horror
892 1001 936 1037 et
967 995 1125 1037 incutit
1156 995 1255 1038 inde
1287 1001 1541 1047 tremorem3

350 1064 483 1119 frigus
518 1064 580 1105 uti
612 1069 778 1105 nostros
810 1063 985 1119 penitus
1017 1079 1115 1106 cum
1148 1065 1267 1106 venit
1298 1064 1342 1105 in
1374 1070 1504 1113 artus,

349 1134 542 1176 concutit
574 1134 732 1175 invitos
763 1148 918 1190 cogens
950 1140 1134 1176 tremere
1165 1140 1298 1190 atque
1331 1149 1511 1176 movere.
1771 1142 1849 1189 595

349 1202 529 1257 ancipiti
561 1201 782 1257 trepidant
815 1202 950 1258 igitur
981 1207 1141 1244 terrore
1174 1217 1251 1258 per
1283 1203 1414 1253 urbis,

349 1277 466 1313 tecta
496 1286 679 1327 superne
711 1271 880 1321 timent,
914 1277 1118 1314 metuunt
1150 1273 1315 1314 inferne
1347 1286 1548 1314 cavernas

349 1341 481 1382 terrai
511 1357 565 1383 ne
597 1341 806 1383 dissoluat
835 1347 993 1383 natura
1025 1348 1213 1397 repente,

350 1426 435 1452 neu
467 1411 674 1452 distracta
705 1426 831 1452 suum
864 1411 950 1453 late
982 1411 1212 1467 dispandat
1245 1411 1416 1453 hiatum

350 1481 491 1536 adque
522 1481 611 1522 suis
642 1481 817 1522 confusa
848 1481 953 1523 velit
984 1482 1198 1537 complere
1230 1481 1378 1523 ruinis.
1767 1482 1854 1525 600

350 1549 529 1606 proinde
560 1550 661 1591 licet
692 1550 889 1606 quamvis
920 1551 1086 1592 caelum
1119 1558 1364 1606 terramque
1396 1556 1574 1592 reantur

351 1621 600 1675 incorrupta
631 1620 718 1661 fore
749 1626 950 1662 aeternae
982 1620 1188 1661 mandata
1218 1619 1372 1670 saluti3

351 1695 396 1730 et
427 1695 574 1730 tamen
606 1688 821 1730 interdum
855 1703 1056 1744 praesens
1087 1687 1151 1729 vis
1181 1687 1274 1743 ipsa
1305 1687 1452 1742 pericli

351 1758 499 1800 subdit
530 1764 574 1799 et
606 1758 720 1799 hunc
750 1757 977 1799 stimulum
1009 1757 1193 1813 quadam
1226 1757 1279 1798 de
1310 1763 1432 1813 parte
1465 1757 1641 1808 timoris,

352 1843 407 1869 ne
437 1827 621 1883 pedibus
653 1827 810 1883 raptim
843 1827 972 1868 tellus
1003 1826 1227 1868 subtracta
1258 1826 1420 1867 feratur
1767 1828 1848 1881 605

352 1897 398 1939 in
428 1897 682 1938 barathrum
716 1911 946 1951 rerumque
978 1901 1186 1951 sequatur
1216 1895 1386 1950 prodita
1416 1910 1585 1938 summa

353 1966 549 2008 funditus
580 1971 624 2007 et
656 1965 732 2007 fiat
764 1964 915 2006 mundi
946 1966 1120 2006 confusa
1150 1964 1285 2006 ruina.

412 2034 648 2090 [Principio
679 2049 796 2076 mare
828 2034 1042 2075 mirantur
1073 2049 1159 2075 non
1189 2033 1366 2075 reddere
1397 2033 1536 2076 maius

352 2111 565 2154 naturam,
598 2119 683 2160 quo
714 2104 771 2145 sit
802 2110 950 2145 tantus
981 2103 1184 2145 decursus
1216 2117 1437 2158 aquarum,

355 2175 497 2217 omnia
529 2189 613 2229 quo
644 2173 822 2215 veniant
854 2188 905 2215 ex
937 2172 1053 2214 omni
1084 2172 1264 2214 flumina
1294 2178 1429 2228 parte.
1766 2173 1854 2217 610

354 2244 463 2286 adde
496 2258 625 2299 vagos
656 2242 806 2283 imbris
837 2247 1205 2297 tempestatesque
1237 2241 1442 2289 volant-es,

355 2312 500 2354 omnia
529 2325 639 2367 quae
671 2310 806 2351 maria
836 2324 885 2351 ac
915 2315 1051 2351 terras
1082 2315 1377 2365 sparguntque
1407 2309 1660 2366 rigantque3

353 2382 463 2424 adde
493 2395 590 2422 suos
620 2379 774 2429 fontis;
813 2384 961 2420 tamen
991 2378 1046 2420 ad
1076 2378 1206 2420 maris
1235 2378 1379 2419 omnia
1408 2393 1620 2420 summam

240 2545 367 2574 cannot
391 2541 432 2572 be
455 2540 539 2572 used
562 2541 598 2571 in
622 2539 680 2571 the
704 2549 798 2570 same
822 2548 919 2571 sense
942 2548 981 2570 as
1004 2538 1064 2570 the
1087 2539 1176 2579 plur.
1325 2538 1389 2570 582
1413 2547 1475 2578 que
1500 2537 1609 2570 added
1632 2537 1678 2578 by
1700 2538 1790 2572 Flor.
1811 2540 1851 2571 31

241 2596 359 2628 Camb.
377 2596 476 2626 Pont.
490 2598 554 2626 etc.
735 2594 798 2625 585
821 2594 938 2634 Syria.
987 2594 1092 2634 Tyria
1109 2592 1230 2624 Lamb.
1248 2594 1312 2623 etc.
1329 2591 1475 2623 without
1491 2601 1603 2623 cause.
1789 2593 1854 2626 586

241 2662 324 2692 quas
340 2652 464 2683 Avanc.
484 2650 537 2681 for
554 2660 630 2690 qua.
767 2649 830 2680 588
852 2649 1042 2680 ceciderunt
1059 2648 1153 2679 Mon.
1172 2647 1248 2678 Ver.
1266 2646 1350 2678 Ven.
1368 2646 1421 2678 for
1436 2647 1606 2679 cecidet-et.
1658 2648 1804 2680 cecidere
1820 2654 1854 2681 et

241 2706 331 2737 Flor.
349 2706 389 2736 31
407 2704 526 2736 Camb.
674 2703 737 2735 589
759 2713 889 2743 pessum
904 2702 998 2733 Nice.
1015 2702 1043 2732 B
1060 2711 1146 2733 corr.
1165 2701 1217 2732 for
1229 2711 1372 2741 possum.
1528 2701 1591 2732 600
1613 2702 1729 2742 Adque
1745 2702 1851 2734 Lach.

242 2763 294 2793 for
309 2763 427 2802 quue.
466 2761 581 2800 Imque
593 2758 714 2790 Lamb.
731 2758 768 2789 in
783 2757 842 2790 the
858 2757 1033 2789 additions
1049 2760 1085 2789 to
1101 2756 1153 2788 ed.
1170 2757 1202 2787 3.
1292 2756 1356 2787 604
1372 2756 1495 2787 Subdit
1511 2761 1542 2788 et
1559 2757 1645 2788 hunc
1660 2757 1690 2788 A
1705 2756 1797 2788 Flor.
1811 2758 1851 2789 31

242 2815 360 2846 Camb.
377 2817 442 2846 etc.
489 2814 633 2845 Subdita
656 2817 687 2844 et
713 2814 798 2844 hunc
821 2812 881 2843 BA
904 2822 989 2843 corr.
1015 2811 1106 2843 Nice.
1158 2811 1280 2842 Subdit
1303 2811 1405 2841 athuc
1428 2809 1534 2842 Lach.
1584 2811 1744 2842 Subditat
1767 2812 1852 2843 hunc

242 2870 326 2902 Mar.
348 2870 446 2900 Junt.
462 2868 583 2899 Lamb.
602 2870 666 2899 etc.
814 2866 877 2897 605
893 2867 1064 2897 subtracta
1080 2865 1172 2896 Nice.
1190 2864 1243 2895 for
1257 2865 1456 2896 substructa.
1603 2865 1775 2898 608—638
1796 2876 1852 2898 are

241 2923 370 2964 proved
385 2923 428 2963 by
443 2922 547 2954 Lach.
562 2924 598 2953 to
614 2921 655 2953 be
672 2921 765 2961 quite
781 2920 1017 2953 uneonnected
1033 2920 1116 2951 with
1132 2919 1224 2951 what
1240 2919 1400 2960 precedes
1417 2929 1455 2951 or
1467 2920 1608 2952 follows.
1650 2920 1737 2953 Mar.
1753 2921 1775 2952 J
1777 2923 1850 2954 unt.

242 2978 332 3017 vulg.
349 2978 455 3018 prefix
477 2977 547 3008 this
570 2986 664 3008 verse
687 2977 784 3008 Nunc
806 2977 896 3007 ratio
918 2976 1086 3007 reddenda
1109 2984 1249 3015 augmen
1270 2984 1330 3006 cur
1352 2975 1478 3006 nesciat
1501 2985 1634 3016 aequor.
1789 2975 1852 3010 609
