1997 3267
908 159 931 200 1
1668 171 1720 213 45

231 284 310 311 nec
341 269 506 310 fructus
537 268 651 310 idem
684 267 908 308 arboribus
939 272 1132 308 constare
1165 266 1361 317 solerent,
1647 269 1721 321 165

231 338 306 379 sed
339 341 621 386 mutarentur,
654 336 761 377 ferre
794 349 941 376 omnes
972 334 1116 375 omnia
1146 340 1330 389 possent.

231 406 404 461 quippe,
436 405 511 447 ubi
541 419 626 445 non
657 408 800 445 essent
830 403 1039 459 genitalia
1071 418 1244 458 corpora
1275 403 1442 458 cuique,

233 474 306 530 qui
337 478 480 529 posset
512 477 651 513 mater
681 471 810 513 rebus
841 471 1072 512 consistere
1103 475 1250 513 certa?

232 550 278 586 at
310 558 424 585 nunc
454 541 690 585 seminibus
723 541 825 596 quia
855 541 983 582 certis
1016 556 1211 596 quaeque
1242 548 1451 590 creantur,

232 613 332 654 inde
365 612 582 655 enascitur
611 617 743 666 atque
775 626 869 652 oras
900 611 945 651 in
976 610 1154 652 luminis
1186 611 1288 659 exit,
1648 621 1728 663 170

233 680 434 723 materies
465 680 541 722 ubi
571 679 684 721 inest
716 679 924 734 cuiusque
955 684 1000 720 et
1031 693 1204 734 corpora
1235 678 1396 734 prima;

232 755 364 805 atque
395 749 474 790 hac
504 763 549 789 re
580 755 805 803 nequeunt
837 762 889 789 ex
922 747 1121 789 omnibus
1152 747 1295 789 omnia
1325 746 1458 804 gigni,

233 818 347 874 quod
378 817 506 859 certis
536 817 581 857 in
612 816 741 858 rebus
772 816 885 858 inest
916 822 1079 858 secreta
1111 817 1303 858 facultas.

234 892 458 942 praeterea
489 900 564 927 cur
595 899 692 926 vere
724 899 874 932 rosam,
908 885 1124 926 frumenta
1155 885 1303 934 calore,

234 955 343 996 vites
374 959 585 995 autumno
617 953 739 995 fundi
771 953 980 995 suadente
1012 953 1219 1002 videmus,
1649 963 1723 1005 175

234 1023 271 1065 si
300 1038 397 1073 non,
428 1028 545 1064 certa
575 1037 652 1064 suo
683 1022 785 1078 quia
816 1028 1008 1077 tempore
1040 1022 1205 1063 semina
1235 1037 1374 1063 rerum

234 1106 333 1134 cum
364 1091 674 1140 confluxerunt,
706 1090 860 1146 patefit
892 1090 1191 1145 quodcumque
1223 1096 1403 1140 creatur,

237 1159 341 1202 dum
374 1165 658 1215 tempestates
689 1159 848 1200 adsunt
880 1164 924 1200 et
956 1159 1103 1200 vivida
1134 1159 1263 1200 tellus

235 1236 333 1273 tuto
364 1245 431 1272 res
462 1235 632 1272 teneras
662 1229 786 1271 effert
817 1229 862 1270 in
894 1229 1069 1270 luminis
1100 1231 1224 1270 oras?

235 1299 350 1356 quod
380 1299 415 1341 si
447 1298 499 1340 de
531 1298 618 1340 nilo
649 1298 814 1348 fierent,
846 1298 989 1339 subito
1021 1304 1299 1339 exorerentur
1652 1297 1730 1337 180

235 1369 400 1411 incerto
430 1368 570 1425 spatio
601 1373 731 1424 atque
764 1368 914 1409 alienis
945 1367 1142 1423 partibus
1173 1366 1287 1416 anni,

237 1438 397 1495 quippe
428 1438 504 1479 ubi
536 1437 655 1479 nulla
686 1437 826 1478 forent
857 1436 1091 1492 primordia
1121 1451 1229 1491 quae
1260 1434 1441 1492 genitali

236 1507 413 1549 concilio
443 1512 618 1562 possent
649 1506 782 1548 arceri
814 1512 1006 1561 tempore
1039 1505 1198 1560 iniquo.

237 1591 317 1618 nec
347 1591 471 1632 porro
502 1575 712 1632 augendis
743 1575 870 1616 rebus
902 1575 1041 1630 spatio
1072 1575 1180 1616 foret
1212 1588 1316 1615 usus

237 1644 415 1688 seminis
445 1644 500 1686 ad
531 1644 704 1694 coitum,
736 1643 772 1686 si
804 1659 826 1685 e
857 1643 944 1685 nilo
976 1657 1160 1685 crescere
1192 1648 1390 1698 possent3
1652 1642 1727 1692 185

237 1728 338 1755 nam
369 1713 522 1754 fierent
554 1712 732 1754 iuvenes
762 1712 907 1754 subito
939 1727 990 1753 ex
1022 1711 1250 1753 infantibu’
1281 1710 1423 1766 parvis

239 1797 263 1825 e
294 1787 492 1837 terraque
525 1787 674 1823 exorta
703 1789 882 1837 repente
914 1781 1092 1822 arbusta
1121 1780 1307 1821 salirent.

240 1865 423 1906 quorum
454 1849 516 1891 nil
548 1850 642 1891 fieri
672 1850 951 1890 manifestum
984 1854 1060 1897 est,
1092 1848 1235 1889 omnia
1265 1847 1434 1903 quando

239 1919 450 1976 paulatim
483 1923 690 1968 crescunt,
721 1924 772 1960 ut
803 1933 880 1974 par
911 1923 987 1967 est,

1007 2019 1015 2028 .
1057 1985 1221 2027 semine
1251 1990 1366 2025 certo

241 2061 565 2112 crescentesque
595 2071 732 2112 genus
763 2061 961 2106 servant3
1001 2059 1053 2096 ut
1084 2068 1254 2095 noscere
1286 2054 1421 2108 possis
1655 2062 1734 2102 190

244 2126 427 2182 quicque
458 2140 536 2166 sua
565 2125 618 2166 de
650 2125 832 2166 materia
863 2123 1141 2181 grandescere
1173 2121 1326 2177 alique.

245 2194 330 2236 huc
360 2193 524 2236 accedit
555 2193 624 2235 uti
654 2193 746 2235 sine
777 2193 904 2235 certis
935 2191 1146 2233 imbribus
1177 2190 1280 2231 anni

243 2264 448 2306 laetificos
478 2268 666 2319 nequeat
698 2262 811 2304 fetus
842 2261 1099 2303 submittere
1130 2259 1259 2301 tellus

241 2349 320 2376 nec
350 2347 474 2389 porro
505 2338 669 2374 secreta
699 2331 793 2373 cibo
823 2336 980 2372 natura
1011 2329 1283 2372 animantum

242 2417 478 2461 propagare
508 2416 644 2464 genus
674 2400 808 2456 possit
839 2400 1060 2455 vitamque
1091 2398 1230 2450 tueri;
1656 2403 1729 2447 195

128 2555 277 2588 volucres
294 2553 364 2585 and
379 2558 540 2590 armenta,
558 2551 626 2583 and
647 2561 738 2583 none
754 2551 841 2583 after
860 2552 961 2583 caelo.
1010 2549 1131 2580 Lamb.
1153 2551 1234 2589 puts
1255 2558 1276 2580 a
1292 2547 1392 2580 colon
1408 2547 1495 2579 after
1508 2547 1649 2588 pecudes
1667 2545 1738 2577 and

130 2610 233 2641 alters
257 2612 404 2640 tenerent
427 2609 464 2638 to
488 2610 623 2638 teneret.
757 2605 821 2637 168
847 2609 940 2636 certa
963 2604 993 2635 A
1017 2613 1103 2634 corr.
1130 2602 1223 2634 Nicc.
1254 2602 1307 2633 for
1332 2603 1438 2633 derta.
1571 2600 1633 2632 176
1655 2601 1736 2640 quia

130 2663 221 2695 Flor.
250 2663 290 2694 31
319 2661 438 2693 Camb.
468 2669 635 2701 superscr.
661 2659 714 2691 for
741 2661 810 2699 qui.
945 2658 1007 2690 175
1037 2658 1137 2688 Vites.
1168 2658 1256 2688 Uvas
1283 2656 1385 2687 Pont.
1519 2654 1580 2686 177
1606 2659 1738 2685 creatur

131 2716 162 2748 A
188 2725 275 2747 corr.
304 2714 399 2746 Nico.
428 2714 481 2745 for
507 2719 635 2745 creatu.
769 2713 831 2744 185
853 2712 884 2743 si
911 2721 927 2743 e
955 2712 1034 2743 m'lo.
1083 2721 1098 2741 e
1124 2711 1234 2741 nihilo
1259 2711 1290 2741 si
1317 2709 1414 2740 Junt.
1438 2707 1560 2739 Lamb.
1585 2708 1647 2738 etc.
1677 2708 1738 2737 not

131 2770 240 2802 Mar.:
265 2779 302 2800 so
325 2769 387 2801 291
407 2778 480 2800 cum
494 2769 633 2807 flumen.
671 2768 799 2807 flumen
819 2776 892 2798 cum
913 2765 1057 2804 Lamb.;
1082 2775 1110 2796 11
1132 2765 1174 2796 36
1196 2766 1226 2795 si
1251 2766 1289 2796 in
1305 2765 1450 2804 plebeia.
1496 2763 1527 2793 si
1545 2762 1678 2802 plebeia
1701 2763 1737 2792 in

132 2823 227 2855 Mon.
244 2823 341 2855 Junt.
363 2822 432 2854 and
447 2821 570 2852 Lamb.
585 2831 592 2852 :
615 2820 654 2851 in
669 2820 716 2852 all
733 2829 828 2851 cases
845 2819 979 2859 against
995 2819 1166 2851 mss..and
1181 2818 1240 2850 the
1254 2828 1358 2857 usage
1374 2818 1410 2848 of
1423 2815 1615 2847 Lucretius.

134 2878 197 2910 189
213 2877 272 2908 the
289 2875 590 2908 homoeoteleuton
606 2874 671 2906 has
687 2874 851 2914 probably
870 2873 994 2905 caused
1010 2883 1030 2904 a
1047 2883 1078 2904 v.
1096 2873 1131 2904 of
1154 2872 1224 2904 this
1240 2872 1324 2903 kind
1340 2875 1376 2903 to
1392 2871 1475 2911 drop
1492 2873 1552 2901 out
1567 2883 1574 2902 ε
1600 2876 1740 2910 tempore

135 2935 236 2968 certo,
253 2931 319 2961 Res
335 2930 494 2970 quoniam
509 2932 660 2960 crescunt
677 2938 783 2959 omnes
799 2928 837 2959 de
853 2937 880 2958 s.
897 2936 926 2958 c.
972 2925 1078 2957 Laeh.
1101 2925 1304 2966 awkwardly
1318 2929 1356 2956 ut
1370 2934 1439 2965 par
1454 2928 1502 2955 est
1517 2924 1636 2954 semine
1651 2927 1740 2954 certo
1780 2967 1786 2971 ἱ
