1997 3267
250 210 334 261 276
1029 206 1091 247 VI

366 332 518 374 corpus
549 322 600 358 ut
631 316 877 358 exanimum
910 314 1062 371 siquod
1093 314 1239 371 procul
1272 314 1362 370 ipse
1394 315 1532 358 iacere
1774 327 1854 370 705

368 385 602 442 conspicias
633 384 830 434 hominis,
861 384 911 425 fit
942 389 993 426 ut
1024 383 1162 425 omnis
1192 383 1333 425 dicere
1364 397 1512 425 causas

365 455 596 498 conveniat
627 454 715 505 leti,
746 453 917 495 dicatur
947 459 998 495 ut
1027 453 1145 495 illius
1176 469 1273 495 una.

365 540 467 567 nam
497 538 638 580 neque
669 537 768 565 eum
801 522 909 564 ferro
941 537 1020 564 nec
1050 522 1206 579 frigore
1237 521 1408 564 vincere
1439 522 1574 578 possis

366 593 581 636 interiisse
613 606 753 648 neque
784 606 810 633 a
839 591 986 633 morbo
1017 606 1156 646 neque
1190 591 1297 632 forte
1329 605 1505 641 veneno,

366 678 516 706 verum
548 662 710 718 aliquid
742 675 899 718 genere
931 675 1022 703 esse
1054 675 1106 703 ex
1139 661 1217 702 hoc
1248 660 1362 716 quod
1394 660 1579 717 contigit
1610 661 1651 703 ei
1775 673 1860 715 710

365 732 534 774 scimus.
574 731 681 773 item
712 730 757 771 in
790 730 941 773 multis
972 730 1052 772 hoc
1083 730 1211 772 rebus
1241 729 1382 772 dicere
1416 730 1640 774 habemus.

424 800 554 843 Nilus
584 799 630 841 in
660 805 869 841 aestatem
903 799 1054 841 crescit
1085 799 1332 855 campisque
1362 799 1586 851 redundat,

364 871 516 913 unicus
545 869 593 912 in
622 869 748 911 terris
779 869 972 925 Aegypti
1005 869 1142 911 totius
1174 869 1324 911 amnis.

366 941 403 983 is
433 941 548 997 rigat
578 939 828 995 Aegyptum
862 938 1053 981 medium
1085 953 1160 995 per
1192 953 1319 994 saepe
1350 938 1546 988 calorem,

364 1016 442 1052 aut
473 1009 575 1066 quia
605 1015 709 1050 sunt
739 1014 905 1051 aestate
936 1009 1158 1065 aquilones
1189 1008 1299 1050 ostia
1330 1014 1488 1058 contra,
1774 1020 1855 1063 715

365 1080 467 1123 anni
497 1086 691 1135 tempore
723 1093 772 1120 eo
803 1078 878 1135 qui
909 1078 1069 1121 etesiae
1101 1093 1192 1120 esse
1225 1078 1433 1128 feruntur,

364 1154 410 1192 et
439 1154 588 1191 contra
618 1148 799 1190 fluvium
832 1147 988 1189 flantes
1019 1154 1290 1190 remorantur
1320 1155 1365 1190 et
1396 1148 1532 1191 undas

365 1224 566 1276 cogentes
597 1232 743 1260 sursus
774 1217 944 1273 replent
975 1223 1220 1273 coguntque
1253 1233 1436 1261 manere.

365 1301 464 1328 nam
496 1286 627 1328 dubio
658 1286 803 1342 procul
836 1286 940 1327 haec
971 1285 1149 1327 adverso
1180 1286 1314 1328 flabra
1343 1287 1543 1329 feruntur

364 1356 554 1406 flumine,
584 1370 694 1412 quae
725 1355 878 1412 gelidis
908 1355 963 1397 ab
993 1355 1130 1398 stellis
1160 1356 1252 1397 axis
1283 1361 1482 1411 aguntur.
1772 1365 1859 1408 720

365 1424 438 1466 ille
469 1439 519 1466 ex
551 1424 753 1466 aestifera
782 1423 896 1480 parti
928 1423 1049 1466 venit
1079 1424 1218 1465 amnis
1248 1424 1303 1466 ab
1333 1431 1490 1475 austro,

364 1493 479 1536 inter
507 1493 631 1549 nigra
661 1493 800 1534 virum
832 1499 1028 1549 percocto
1059 1494 1198 1535 saecla
1227 1493 1363 1535 colore

366 1563 561 1605 exoriens
591 1563 767 1619 penitus
797 1562 941 1604 media
971 1562 1027 1605 ab
1057 1563 1230 1620 regione
1262 1563 1358 1606 diei.

366 1639 433 1675 est
463 1647 632 1689 quoque
665 1633 731 1674 uti
761 1632 897 1688 possit
929 1647 1112 1689 magnus
1142 1639 1371 1690 congestus
1402 1632 1585 1676 harenae

366 1703 570 1745 fluctibus
601 1703 790 1745 adversis
820 1702 1012 1759 oppilare
1044 1702 1155 1744 ostia
1185 1709 1345 1751 contra,
1773 1712 1853 1756 725

364 1787 462 1815 cum
493 1787 609 1814 mare
640 1779 885 1828 permotum
917 1771 1057 1814 ventis
1087 1771 1177 1813 ruit
1207 1771 1326 1813 intus
1357 1771 1586 1822 harenam;

365 1857 450 1899 quo
480 1842 531 1884 fit
562 1841 629 1884 uti
659 1848 785 1898 pacto
817 1841 926 1883 liber
955 1841 1098 1883 minus
1130 1841 1273 1883 exitus
1303 1841 1421 1883 amni

365 1917 410 1954 et
440 1911 638 1967 proclivis
669 1911 775 1952 item
808 1910 884 1952 fiat
916 1910 1059 1952 minus
1090 1910 1281 1966 impetus
1312 1910 1450 1952 undis.

366 1981 417 2023 fit
447 1995 616 2037 quoque
647 1980 715 2022 uti
745 1980 917 2036 pluviae
949 1980 1089 2022 forsan
1120 1980 1257 2035 magis
1288 1979 1342 2022 ad
1374 1988 1505 2036 caput
1537 1979 1577 2021 ei

366 2057 559 2107 tempore
591 2065 640 2092 eo
671 2050 791 2100 fiant,
821 2049 936 2106 quod
967 2050 1102 2092 etesia
1132 2049 1266 2091 flabra
1296 2049 1546 2105 aquilonum
1773 2059 1859 2103 730

364 2120 515 2162 nubila
543 2119 761 2161 coniciunt
792 2119 837 2160 in
869 2134 940 2161 eas
971 2125 1076 2160 tunc
1106 2119 1250 2160 omnia
1280 2119 1426 2174 partis.

365 2190 528 2232 scilicet
558 2189 613 2231 ad
644 2188 831 2231 mediam
863 2189 1082 2245 regionem
1114 2188 1251 2230 eiecta
1282 2188 1369 2230 diei

364 2273 461 2300 cum
492 2264 795 2307 convenerunt,
825 2257 887 2299 ibi
917 2257 971 2299 ad
1002 2257 1111 2299 altos
1141 2257 1327 2313 denique
1358 2256 1515 2298 montis

366 2333 591 2370 contrusae
622 2326 759 2368 nubes
790 2333 1004 2383 coguntur
1035 2327 1161 2382 vique
1193 2331 1458 2382 premuntur.

365 2396 543 2438 forsitan
573 2395 840 2451 Aethiopum
872 2395 1047 2450 penitus
1077 2394 1131 2436 de
1163 2394 1384 2436 montibus
1415 2393 1514 2435 altis
1773 2405 1825 2449 73
1833 2404 1853 2448 5

252 2548 337 2580 Mar.
353 2548 374 2579 J
377 2551 448 2580 unt.
468 2547 589 2579 Lamb.
606 2551 669 2579 etc.
686 2547 838 2587 wrongly
852 2560 860 2579 :
884 2556 938 2578 see
954 2546 1060 2578 Lach.
1077 2555 1119 2577 111
1136 2547 1188 2579 94.
1366 2546 1426 2579 705
1447 2547 1552 2577 iacere
1567 2545 1659 2577 Flor.
1676 2546 1718 2577 31
1735 2545 1855 2578 Camb.

250 2603 343 2634 Brix.
360 2603 448 2634 Mar.
465 2603 518 2634 for
533 2604 666 2634 iaceret.
799 2602 862 2634 708
880 2611 957 2633 nam
972 2611 1076 2641 neque
1093 2600 1184 2632 Flor.
1202 2601 1242 2631 31
1259 2599 1378 2632 Camb.
1396 2600 1482 2631 Mar.
1500 2599 1553 2631 for
1568 2610 1718 2641 namque.

295 2659 358 2691 710
376 2658 497 2689 Verum
517 2657 602 2688 Mar.
621 2656 695 2688 Ald.
715 2657 732 2687 1
755 2656 851 2688 Junt.
869 2656 921 2687 for
948 2657 1074 2687 Utrum.
1121 2657 1263 2695 contiyit
1283 2657 1316 2686 ei
1338 2656 1410 2696 (eii)
1428 2655 1474 2688 Is.
1494 2655 1593 2686 Voss.
1615 2655 1653 2686 in
1673 2664 1739 2687 ms.
1755 2656 1855 2688 notes

251 2712 304 2743 for
321 2713 491 2744 contioitel
507 2712 546 2749 A,
563 2713 720 2743 contioite
742 2711 781 2748 B,
799 2712 972 2743 contioites
994 2710 1088 2741 Nice.
1106 2712 1172 2741 two
1188 2709 1284 2742 Vat.:
1309 2719 1329 2741 a
1345 2709 1476 2741 certain
1497 2708 1698 2741 correction.
1743 2711 1857 2743 concio

252 2768 345 2798 dieat
367 2767 458 2798 Flor.
475 2767 516 2798 31
539 2769 606 2798 two
629 2766 708 2798 Vat.
726 2766 800 2797 Ald.
820 2767 837 2797 1
861 2766 984 2797 Lamb.
1002 2765 1052 2798 ed.
1075 2765 1092 2796 1
1117 2764 1185 2796 and
1202 2766 1233 2795 3.
1279 2766 1392 2796 concio
1415 2765 1527 2796 credat
1551 2764 1667 2797 Camb.
1687 2774 1753 2797 one
1775 2765 1855 2799 Vat.

253 2821 343 2853 Mon.
364 2821 460 2852 Junt.
477 2821 598 2853 Lamb.
619 2821 670 2853 ed.
689 2822 719 2852 2.
853 2822 915 2854 719
924 2822 1038 2861 flabra
1053 2820 1144 2851 Flor.
1162 2821 1201 2851 31
1220 2819 1338 2851 Camb.
1356 2819 1432 2850 Ver.
1450 2819 1535 2851 Ven.
1553 2819 1604 2850 for
1612 2820 1736 2860 flabro.

296 2877 358 2909 727
375 2878 465 2908 amni
483 2876 568 2907 Mar.
587 2875 684 2907 Junt.
701 2875 754 2907 for
769 2877 889 2906 amnis.
979 2875 1042 2908 729
1058 2875 1089 2905 ei
1106 2874 1164 2904 AB
1181 2873 1272 2905 Nice.
1291 2873 1337 2905 all
1352 2873 1430 2904 Vat.
1447 2872 1540 2906 Brix.
1559 2873 1635 2905 Ver.
1653 2873 1735 2906 Ven.
1785 2874 1856 2906 eius

253 2929 344 2961 Flor.
361 2931 401 2961 31
419 2929 536 2962 Camb.
556 2930 656 2961 Pont.
674 2930 760 2961 Mar.
776 2929 850 2962 Ald.
873 2929 890 2960 1
908 2928 928 2960 J
931 2931 1002 2960 unt.
1020 2929 1110 2967 vulg.
1127 2928 1240 2960 before
1255 2927 1358 2960 Lach.
1467 2929 1530 2961 730
1545 2928 1634 2969 quod
1650 2927 1736 2960 Mar.
1756 2928 1854 2961 sunt.

254 2983 381 3025 rightly
397 2984 448 3015 for
465 2995 540 3024 quo,
559 2994 597 3016 as
614 2989 691 3016 tunc
707 2983 837 3015 foUows
851 2996 859 3017 z
883 2983 944 3015 but
960 2993 997 3014 as
1014 2983 1034 3014 J
1038 2985 1111 3014 unt.
1124 2983 1238 3014 writes
1253 2982 1280 3014 it
1297 2981 1587 3022 compendiously,
1601 2992 1646 3014 no
1662 2992 1726 3014 one
1741 2982 1856 3015 before
