1997 3267
204 190 289 221 220
989 179 1029 218 V

315 302 456 329 nonne
486 287 605 329 vides
636 286 768 328 etiam
799 301 927 342 quam
960 302 1116 344 magno
1146 286 1333 342 pondere
1362 287 1485 329 nobis

316 355 527 396 sustineat
558 369 709 410 corpus
740 354 995 396 tenuissima
1027 355 1092 396 vis
1123 354 1282 396 animai

316 429 540 480 propterea
571 424 671 479 quia
701 429 792 465 tam
823 423 1051 465 coniuncta
1080 429 1211 479 atque
1243 424 1387 465 uniter
1416 429 1518 479 apta
1549 427 1646 466 est?

316 493 499 548 denique
530 492 615 533 iam
647 492 759 533 saltu
791 492 954 547 pernici
985 492 1133 533 tollere
1165 506 1316 547 corpus

316 561 419 616 quid
449 560 562 616 potis
593 567 658 602 est
689 560 772 601 nisi
803 560 866 601 vis
896 560 1030 602 animi
1061 575 1169 616 quae
1200 560 1393 602 membra
1423 561 1668 617 gubernat?
1719 562 1800 614 560

316 630 457 671 iamne
489 629 607 671 vides
639 635 850 685 quantum
881 629 1024 671 tenuis
1054 635 1210 671 natura
1240 629 1380 670 valere

317 698 461 754 possit,
492 697 566 738 ubi
598 703 663 739 est
693 697 921 738 coniuncta
950 697 1069 752 gravi
1099 712 1196 738 cum
1228 711 1411 752 corpore,
1441 702 1492 739 ut
1521 712 1595 739 aer

317 766 569 808 coniunctus
600 766 723 807 terris
755 771 798 807 et
828 766 952 807 nobis
982 772 1047 808 est
1077 766 1210 807 animi
1241 766 1336 807 vis?

376 834 467 876 Nec
498 834 630 875 nimio
660 834 759 875 solis
790 835 924 875 maior
953 839 1047 876 rota
1076 850 1153 876 nec
1186 834 1323 875 minor
1352 833 1476 875 ardor

318 917 408 944 esse
438 908 589 958 potest,
620 902 777 943 nostris
808 917 937 958 quam
968 903 1162 944 sensibus
1193 917 1283 944 esse
1316 902 1495 944 videtur.
1718 905 1795 956 565

317 987 417 1013 nam
448 971 603 1027 quibus
634 987 657 1013 e
688 971 839 1026 spatiis
869 986 1052 1027 cumque
1083 972 1203 1027 ignes
1235 971 1398 1012 lumina
1429 977 1607 1026 possunt

318 1040 484 1082 adicere
516 1045 559 1081 et
590 1040 775 1081 calidum
806 1040 1009 1081 membris
1039 1040 1195 1081 adflare
1228 1055 1440 1095 vaporem,

318 1109 378 1149 nil
410 1109 483 1150 illa
514 1109 579 1150 his
610 1109 847 1150 intervallis
877 1109 931 1150 de
963 1124 1133 1165 corpore
1166 1109 1304 1150 libant

318 1178 598 1227 flammarum,
631 1178 691 1218 nil
721 1178 775 1219 ad
807 1178 992 1233 speciem
1024 1184 1089 1219 est
1119 1179 1376 1220 contractior
1406 1178 1528 1234 ignis.

208 1257 286 1299 573
320 1246 505 1301 proinde,
536 1247 647 1288 calor
678 1247 879 1302 quoniam
910 1247 1008 1288 solis
1039 1247 1268 1302 lumenque
1299 1248 1520 1302 profusum
1719 1257 1800 1301 570

208 1325 289 1367 570
318 1314 576 1369 perveniunt
606 1321 771 1356 nostros
801 1315 855 1356 ad
887 1330 1034 1357 sensus
1066 1322 1109 1356 et
1141 1316 1231 1357 loca
1261 1316 1463 1366 mulcent,

319 1384 452 1424 forma
481 1398 649 1438 quoque
681 1383 780 1424 hinc
810 1383 909 1424 solis
940 1383 1069 1425 debet
1100 1384 1307 1439 filumque
1338 1384 1486 1433 videri,

208 1460 286 1503 572
318 1452 378 1491 nil
409 1451 514 1492 adeo
546 1460 594 1492 ut
624 1451 760 1506 possis
790 1452 887 1507 plus
917 1458 994 1494 aut
1025 1454 1167 1493 minus
1197 1452 1363 1503 addere,
1396 1467 1504 1496 vere.

208 1529 283 1572 575
318 1520 502 1575 lunaque
533 1519 620 1561 sive
652 1520 783 1561 notho
815 1520 951 1561 fertur
981 1520 1072 1562 loca
1103 1521 1263 1562 lumine
1296 1521 1482 1563 lustrans
1718 1531 1794 1574 575

318 1587 406 1628 sive
437 1602 556 1628 suam
588 1588 757 1642 proprio
788 1587 920 1629 iactat
951 1588 1003 1629 de
1035 1603 1206 1644 corpore
1238 1589 1388 1639 lucem,

317 1655 524 1711 quidquid
557 1655 600 1697 id
631 1662 708 1705 est,
738 1656 825 1697 nilo
857 1657 991 1698 fertur
1022 1657 1180 1699 maiore
1211 1657 1347 1712 figura

317 1739 455 1779 quam,
486 1725 642 1765 nostris
672 1725 804 1766 oculis
835 1740 919 1780 qua
950 1726 1174 1775 cernimus,
1205 1741 1294 1767 esse
1327 1726 1508 1771 videtur.

315 1807 414 1833 nam
445 1792 563 1848 prius
594 1793 746 1844 onmia,
777 1809 886 1849 quae
917 1794 1041 1850 longe
1073 1800 1236 1836 semota
1266 1800 1441 1836 tuemur

317 1875 413 1901 aera
444 1875 518 1915 per
549 1861 746 1910 multum,
779 1861 917 1916 specie
948 1863 1121 1904 confusa
1151 1862 1352 1904 videntur
1651 1853 1653 1855 .
1714 1866 1797 1917 580

317 1944 444 1984 quam
476 1929 613 1971 minui
644 1929 774 1972 filum.
817 1937 1077 1986 quapropter
1107 1932 1210 1972 luna
1239 1946 1408 1973 necesse
1439 1936 1516 1981 est,

316 1999 657 2055 quandoquidem
690 2000 846 2041 claram
877 2001 1061 2056 speciem
1093 2007 1338 2056 certamque
1370 2000 1549 2056 figuram

265 2163 327 2193 555
350 2164 460 2194 uniter
476 2168 557 2203 apta
577 2163 674 2195 Pont.
697 2163 793 2194 Junt.
811 2164 864 2195 for
885 2166 998 2196 uniter
1018 2169 1134 2196 aucta:
1174 2166 1236 2197 558
1260 2167 1372 2197 uniter
1390 2171 1472 2206 apta
1493 2166 1545 2197 for
1562 2167 1675 2198 uniter
1695 2172 1796 2208 rapta

199 2215 227 2246 B
252 2226 335 2247 corr.
359 2216 385 2246 F
389 2217 449 2248 lor.
474 2217 515 2247 31
540 2216 657 2248 Camb.
682 2219 745 2248 etc.
771 2227 809 2249 as
833 2218 906 2250 537.
954 2218 1039 2249 Mar.
1063 2218 1126 2249 has
1149 2219 1223 2250 first
1243 2220 1411 2251 corrected
1431 2219 1536 2258 Mon.,
1558 2219 1642 2252 then
1660 2221 1793 2254 written

200 2274 299 2301 aucta
315 2270 431 2307 above,
448 2270 517 2301 and
532 2270 615 2301 then
632 2275 714 2312 apta
729 2271 766 2302 in
782 2281 888 2311 marg.
898 2284 907 2310 ;
932 2272 1047 2304 unless
1063 2272 1121 2304 the
1139 2273 1213 2304 first
1234 2273 1422 2305 correction
1442 2273 1472 2304 is
1493 2274 1582 2305 from
1602 2273 1789 2315 Fontanus,

201 2323 259 2355 the
283 2324 382 2356 other
404 2325 492 2356 from
516 2325 700 2357 Marullus:
733 2325 761 2357 it
784 2325 813 2357 is
836 2336 929 2357 more
952 2326 1037 2358 than
1060 2327 1220 2366 probable
1242 2327 1318 2360 that
1341 2328 1517 2360 Fontanus
1539 2328 1609 2360 had
1631 2328 1689 2361 the
1715 2329 1788 2362 cod.

201 2377 326 2409 Victor.
351 2378 387 2409 in
409 2378 464 2409 his
486 2378 598 2410 hands
621 2379 733 2411 before
756 2379 939 2413 Marullus:
973 2390 1081 2419 comp.
1112 2382 1206 2412 1152.
1338 2382 1400 2414 559
1420 2383 1552 2422 pernici
1574 2381 1667 2414 Brix.
1691 2382 1792 2415 Pont.

200 2432 283 2464 Mar.
303 2432 376 2465 Ald.
399 2433 416 2463 1
432 2433 529 2464 Junt.
547 2433 599 2465 for
610 2436 754 2474 pernice.
796 2436 931 2474 pernice
947 2436 1098 2466 attollere
1115 2435 1205 2467 Flor.
1222 2436 1282 2468 31:
1305 2445 1326 2467 a
1340 2445 1432 2467 mere
1448 2436 1536 2476 conj.
1730 2437 1794 2470 560
1821 2438 1825 2441 “

201 2486 288 2524 Quid
310 2486 429 2517 Lamb.
452 2486 489 2517 in
513 2490 624 2519 errata
650 2491 685 2518 to
710 2487 760 2519 ed.
789 2489 819 2525 3,
842 2487 952 2519 Faber
974 2487 1011 2519 in
1034 2488 1088 2519 his
1111 2488 1242 2520 emend.
1270 2489 1322 2520 for
1347 2490 1440 2529 Quis.
1486 2492 1591 2522 animi
1613 2489 1719 2522 Lach.
1741 2492 1793 2523 for

198 2541 345 2576 animan
369 2549 407 2570 as
422 2540 495 2572 563.
630 2541 693 2572 563
719 2543 922 2573 Coniunctus
937 2541 1029 2573 Flor.
1049 2543 1089 2573 31
1108 2543 1224 2574 Camb.
1241 2543 1341 2575 Pont.
1359 2543 1444 2575 Mar.
1461 2544 1514 2575 for
1529 2545 1724 2579 Coniuncta.

262 2593 324 2626 567
347 2594 488 2625 Adicere
506 2595 684 2636 (Adiicere)
702 2595 821 2628 Lamb.
841 2596 894 2627 for
909 2597 1080 2628 Adlicere:
1105 2607 1125 2628 a
1140 2597 1320 2628 confusion
1333 2598 1370 2629 of
1383 2597 1494 2629 which
1505 2608 1554 2630 we
1568 2598 1655 2630 have
1666 2598 1736 2630 had
1751 2608 1790 2631 so

197 2655 302 2686 many
316 2648 499 2688 examples.
683 2649 745 2680 568
768 2650 830 2681 Nil
847 2651 910 2681 illa
926 2651 978 2681 his
995 2652 1187 2682 intervallis
1202 2651 1305 2682 Bern.
1322 2651 1375 2683 for
1390 2653 1490 2682 Nihil
1505 2653 1573 2683 nisi
1589 2653 1788 2685 intervallis.

197 2699 259 2730 Nil
274 2710 313 2731 ea
329 2702 365 2731 in
382 2702 433 2731 his
450 2703 511 2732 int.
529 2700 635 2732 Lach.
680 2703 750 2732 Illa
766 2703 841 2743 ipsa
861 2704 1044 2734 intervalla
1065 2705 1154 2734 nihil
1174 2704 1291 2736 Lamb.
1338 2705 1462 2745 Nilque
1479 2706 1547 2736 nisi
1561 2715 1601 2736 ea:
1617 2706 1680 2736 int.
1698 2705 1790 2737 Flor.

199 2754 238 2783 31
261 2754 378 2785 Camb.
401 2755 420 2785 3
441 2754 517 2787 Vat.
543 2754 628 2786 Mar.
673 2756 782 2786 Hbant
803 2756 889 2787 Mar.
911 2757 1006 2788 Junt.
1033 2757 1085 2788 for
1107 2758 1243 2789 librant.
1290 2759 1409 2789 limant
1427 2757 1546 2790 Lamb.
1565 2757 1618 2789 ed.
1637 2759 1655 2789 1
1671 2757 1741 2790 and
1756 2760 1788 2797 2,

198 2807 323 2838 librant
338 2807 390 2838 ed.
407 2809 436 2839 3.
541 2809 603 2840 570
621 2808 709 2850 (573)
727 2809 873 2849 brought
888 2809 970 2840 here
987 2810 1030 2849 by
1047 2810 1133 2841 Mar.
1150 2810 1226 2841 Ald.
1245 2812 1262 2841 l
1279 2810 1376 2842 Junt.
1474 2812 1536 2844 571
1560 2812 1632 2843 loca
1646 2813 1790 2843 mulcent

197 2858 301 2891 Lach.
320 2860 372 2891 for
389 2862 460 2892 loca
469 2861 615 2901 fulgent.
656 2863 727 2893 loca
738 2864 871 2901 linqunt
880 2863 1000 2895 Lamb.
1064 2864 1126 2896 572
1134 2865 1299 2904 filumque
1310 2864 1428 2896 Lamb.
1449 2864 1500 2896 ed..
1518 2865 1537 2895 2
1551 2864 1589 2895 in
1604 2867 1703 2896 notes
1720 2865 1788 2896 and

198 2912 248 2943 ed.
266 2913 285 2943 3
301 2913 387 2945 after
403 2913 580 2945 Turnebus
597 2914 649 2945 for
665 2916 821 2955 ilumque.
885 2916 1054 2949 574=571
1072 2917 1174 2956 (570).
1234 2918 1296 2948 581
1312 2919 1419 2949 minui
1427 2918 1528 2958 filum
1542 2917 1652 2950 Bentl.
1673 2918 1727 2949 for
1741 2920 1788 2950 mi
