1997 3267
259 213 344 252 214
682 237 687 242 .
1037 191 1076 231 V

375 318 426 344 ex
457 301 626 343 infinito
656 300 742 342 iam
773 306 966 355 tempore
997 298 1137 340 adhuc
1167 297 1409 354 potuissent

372 371 556 414 inmensi
585 369 747 412 validas
777 368 872 410 aevi
903 373 1174 409 contemnere
1203 366 1324 408 vires.

433 439 629 494 Denique
660 443 885 492 tantopere
915 436 1030 477 inter
1059 450 1104 477 se
1135 450 1232 476 cum
1264 435 1451 476 maxima
1480 435 1631 478 mundi
1771 436 1856 490 380

374 514 569 565 pugnent
600 506 803 555 membra,
833 506 903 561 pio
933 519 1204 560 nequaquam
1237 504 1403 545 concita
1432 503 1555 554 bello,

374 593 513 620 nonne
545 576 664 618 vides
693 575 881 630 aliquam
913 574 1029 629 longi
1059 573 1305 615 certaminis
1335 572 1429 614 ollis

374 662 496 703 posse
526 645 618 687 dari
648 645 808 685 finem?
849 644 917 685 vel
948 658 1045 685 cum
1076 643 1136 684 sol
1167 647 1212 683 et
1243 655 1372 697 vapor
1402 641 1538 682 omnis

376 715 571 756 omnibus
603 712 741 768 epotis
770 711 989 753 umoribus
1020 710 1339 766 exsuperarint:

376 783 490 839 quod
520 783 656 824 facere
686 780 932 830 intendunt,
961 794 1101 835 neque
1131 778 1271 820 adhuc
1301 783 1453 819 conata
1482 782 1731 833 patrantur:
1774 780 1852 831 385

376 858 547 894 tantum
579 849 859 905 suppeditant
888 863 1035 890 amnes
1065 848 1263 902 ultraque
1295 846 1516 887 minantur

377 920 521 962 omnia
550 918 758 959 diluviare
789 932 841 958 ex
873 917 960 958 alto
990 916 1161 972 gurgite
1191 915 1325 970 ponti,

377 987 650 1043 nequiquam,
680 985 881 1041 quoniam
912 989 1130 1025 verrentes
1160 997 1345 1038 aequora
1375 983 1495 1023 venti

378 1057 634 1098 deminuunt
664 1054 879 1109 radiisque
909 1058 1107 1095 retexens
1138 1052 1355 1094 aetherius
1385 1051 1459 1101 sol,

379 1133 422 1168 et
454 1125 608 1167 siccare
638 1124 757 1180 prius
787 1123 1008 1164 confidunt
1039 1122 1182 1163 omnia
1211 1135 1332 1176 posse
1773 1131 1857 1174 390

379 1210 506 1251 quam
538 1194 676 1249 liquor
705 1192 867 1247 incepti
897 1191 1031 1247 possit
1061 1190 1307 1246 contingere
1338 1191 1479 1233 finem.

378 1270 550 1306 tantum
583 1263 794 1318 spirantes
825 1276 960 1316 aequo
992 1260 1224 1302 certamine
1255 1259 1417 1301 bellum

378 1332 544 1389 magnis
573 1332 682 1372 inter
710 1345 753 1373 se
782 1329 835 1371 de
865 1330 992 1370 rebus
1021 1343 1191 1369 cernere
1222 1333 1400 1376 certant,

379 1416 476 1442 cum
507 1400 637 1441 semel
668 1399 834 1439 interea
864 1397 993 1439 fuerit
1023 1396 1292 1452 superantior
1321 1395 1433 1451 ignis

380 1475 424 1511 et
454 1468 596 1518 semel,
629 1473 677 1509 ut
709 1467 822 1507 fama
853 1471 929 1515 est,
960 1480 1082 1506 umor
1112 1464 1300 1520 regnarit
1330 1464 1375 1505 in
1405 1464 1527 1511 arvis,
1777 1474 1856 1518 395

380 1537 491 1593 ignis
521 1536 636 1578 enim
667 1540 840 1590 superat
871 1540 916 1575 et
946 1533 1138 1574 lambens
1169 1532 1306 1574 multa
1336 1532 1533 1587 perussit,

381 1606 476 1648 avia
507 1620 604 1646 cum
634 1604 908 1646 Phaethonta
937 1617 1067 1658 rapax
1098 1602 1162 1643 vis
1193 1601 1291 1643 solis
1322 1616 1526 1656 equorum

379 1676 552 1718 aethere
582 1674 770 1730 raptavit
800 1679 892 1714 toto
923 1678 1141 1727 terrasque
1172 1686 1248 1726 per
1278 1671 1425 1712 omnis.

381 1751 426 1787 at
456 1750 579 1800 pater
609 1743 880 1798 omnipotens
910 1742 973 1783 ira
1003 1748 1097 1782 tum
1128 1741 1317 1796 percitus
1347 1739 1433 1781 acri

382 1813 704 1869 magnanimum
736 1810 1008 1852 Phaethonta
1038 1809 1206 1865 repenti
1237 1808 1428 1850 fulminis
1458 1808 1547 1849 ictu
1775 1820 1863 1861 400

381 1881 627 1923 deturbavit
658 1880 778 1935 equis
808 1879 854 1920 in
885 1885 1054 1927 terram,
1086 1878 1231 1932 solque
1262 1877 1433 1918 cadenti

382 1951 531 1992 obvius
560 1956 778 1991 aeternam
810 1947 999 2003 succepit
1030 1947 1227 2002 lampada
1257 1946 1408 1987 mundi

382 2019 664 2073 disiectosque
695 2018 861 2073 redegit
892 2031 1022 2072 equos
1052 2016 1280 2070 iunxitque
1311 2014 1547 2064 trementis,

382 2087 481 2128 inde
512 2101 638 2127 suum
669 2101 744 2141 per
774 2085 857 2126 iter
886 2084 1093 2126 recreavit
1122 2088 1277 2125 cuncta
1306 2083 1561 2138 gubernans,

383 2155 544 2197 scilicet
573 2160 623 2195 ut
653 2160 819 2195 veteres
850 2153 1027 2195 Graium
1058 2152 1246 2193 cecinere
1276 2157 1437 2206 poetae.
1777 2160 1859 2204 405

384 2223 495 2277 quod
527 2221 671 2277 procul
703 2236 729 2261 a
758 2235 858 2261 vera
886 2220 1015 2260 nimis
1045 2225 1111 2260 est
1141 2219 1305 2260 ratione
1336 2218 1566 2273 repulsum.

384 2291 495 2347 ignis
526 2290 639 2331 enim
670 2303 869 2344 superare
899 2293 1042 2343 potest
1073 2287 1147 2328 ubi
1177 2287 1374 2328 materiai

386 2374 437 2400 ex
468 2358 637 2398 infinito
668 2363 769 2398 sunt
799 2371 972 2411 corpora
1001 2357 1126 2411 plura
1156 2360 1322 2406 coorta3

385 2426 484 2468 inde
515 2426 674 2467 cadunt
705 2426 814 2466 vires
844 2425 988 2480 aliqua
1017 2425 1183 2466 ratione
1213 2424 1410 2474 revictae,

386 2501 463 2537 aut
493 2501 674 2549 pereunt
704 2509 770 2535 res
801 2499 977 2535 exustae
1008 2493 1270 2534 torrentibus
1300 2492 1426 2534 auris.
1777 2504 1865 2545 410

274 2628 392 2660 thinks
408 2627 484 2658 that
500 2626 562 2659 369
579 2625 646 2657 and
663 2626 724 2659 372
741 2635 798 2657 are
813 2624 1086 2665 interpolations.
1193 2625 1254 2655 382
1279 2624 1468 2656 certaminis
1484 2624 1560 2655 ollis
1576 2623 1667 2654 Flor.
1684 2624 1725 2655 31
1743 2623 1862 2656 Camb.

275 2683 360 2714 Mar.
377 2683 429 2712 for
441 2682 614 2712 certamini
630 2681 719 2710 solis.
844 2679 906 2710 385
924 2683 1116 2719 patrantur.
1157 2683 1339 2718 patrarunt
1355 2677 1491 2709 Goebel.
1613 2677 1675 2708 386
1697 2678 1862 2718 ultraque.

274 2739 422 2777 ultroque
439 2735 530 2766 Flor.
547 2735 588 2766 31
608 2734 725 2765 Camb.
742 2733 826 2765 Mar.
844 2733 934 2773 vulg.
1096 2734 1158 2764 393
1183 2735 1270 2764 inter
1285 2743 1317 2764 se
1333 2732 1481 2764 inserted
1497 2733 1542 2772 by
1555 2731 1661 2763 Lach.
1679 2731 1802 2772 before,
1821 2732 1866 2774 by

275 2793 368 2823 Nice.
395 2791 485 2823 Flor.
514 2790 554 2821 31
582 2789 698 2821 Camb.
725 2789 816 2821 Mon.
846 2789 936 2828 vulg.
961 2789 1047 2820 after
1073 2789 1112 2819 de
1139 2790 1243 2821 rebus.
1450 2787 1512 2820 396
1537 2791 1673 2828 superat
1698 2787 1805 2829 (perf.)
1833 2793 1866 2820 et

277 2847 418 2877 lambens
445 2845 549 2876 Lach.
577 2844 630 2876 for
655 2845 826 2884 superavit
853 2849 884 2875 et
909 2844 1047 2874 ambens.
1104 2844 1244 2874 lambens
1269 2842 1298 2873 B
1323 2851 1427 2875 com:
1465 2851 1529 2873 nor
1553 2840 1617 2873 has
1644 2842 1774 2872 ambens
1799 2851 1864 2882 any

278 2899 456 2936 existence,
484 2898 633 2930 whether
657 2909 695 2930 as
722 2898 842 2938 partic.
867 2898 902 2929 of
928 2898 1060 2928 ambedo
1086 2907 1124 2928 or
1148 2898 1265 2928 ambio.
1525 2896 1587 2928 399
1613 2900 1682 2926 tum
1706 2895 1797 2927 Flor.
1822 2897 1863 2928 31

277 2951 393 2984 Camb.
424 2951 508 2983 Mar.
543 2952 595 2983 for
624 2961 707 2983 cum.
945 2950 1009 2981 405
1049 2950 1189 2981 Graium
1219 2949 1310 2980 Flor.
1342 2948 1382 2979 31
1415 2947 1534 2979 Gamb.
1565 2947 1665 2979 Pont.
1697 2948 1782 2980 Mar.
1813 2948 1867 2980 for
