1997 3267
910 179 957 220 II
1679 197 1730 239 91

248 288 488 343 conspicere
519 288 723 330 amissum
754 288 902 339 fetum,
935 289 1205 345 completque
1237 290 1437 345 querellis

248 357 526 398 frondiferum
559 372 709 399 nemus
739 357 950 398 absistens
982 364 1026 399 et
1057 359 1204 400 crebra
1235 359 1386 400 revisit

248 426 302 467 ad
333 426 550 467 stabulum
582 426 790 467 desiderio
822 426 983 481 perfixa
1014 426 1194 475 iuvenci,
1653 433 1737 483 360

249 510 326 536 nec
358 501 529 536 tenerae
559 495 707 536 salices
737 501 868 550 atque
902 495 1056 537 herbae
1087 511 1178 538 rore
1211 496 1406 553 vigentes

248 563 509 618 fluminaque
540 563 614 604 illa
644 568 810 618 queunt
841 563 1020 604 summis
1053 564 1242 605 labentia
1272 564 1376 619 ripis

248 631 459 673 oblectare
491 631 682 672 animum
714 631 988 687 subitamque
1020 638 1212 675 avortere
1244 648 1401 683 curam,

248 715 326 742 nec
356 700 588 742 vitulorum
620 700 728 741 aliae
759 700 922 755 specics
955 716 1029 756 per
1060 702 1218 757 pabula
1250 702 1364 744 laeta

248 769 438 811 derivare
471 773 636 824 queunt
666 768 859 809 animum
892 784 1077 825 curaque
1110 770 1276 812 levare:
1655 775 1733 826 365

248 851 382 892 usque
413 837 518 878 adeo
550 836 752 892 quiddam
786 837 1004 892 proprium
1036 844 1273 895 notumque
1304 840 1494 896 requirit.

247 910 469 961 praeterea
499 905 637 946 teneri
669 905 865 947 tremulis
896 921 994 947 cum
1026 907 1200 949 vocibus
1234 908 1360 949 haedi

247 976 486 1031 cornigeras
516 980 675 1016 norunt
706 980 865 1017 matres
896 976 1082 1032 agnique
1114 977 1277 1032 petulci

248 1044 472 1085 balantum
504 1043 710 1099 pecudes:
746 1044 820 1094 ita,
852 1044 965 1100 quod
997 1050 1152 1086 natura
1183 1045 1376 1101 reposcit,

247 1113 302 1155 ad
332 1127 409 1154 sua
439 1113 620 1168 quisque
652 1113 738 1154 fere
769 1112 1002 1155 decurrunt
1034 1114 1167 1156 ubera
1197 1115 1331 1157 lactis.
1654 1127 1738 1169 370

247 1188 462 1238 postremo
493 1181 675 1238 quodvis
706 1183 971 1224 frumentum
1003 1199 1088 1224 non
1120 1190 1267 1225 tamen
1298 1199 1422 1226 omne

248 1250 407 1306 quique
438 1265 514 1292 suo
544 1265 700 1306 genere
732 1251 845 1292 inter
876 1266 920 1292 se
952 1252 1089 1293 simile
1122 1268 1211 1294 esse
1244 1252 1418 1301 videbis,

248 1320 352 1376 quin
383 1319 641 1361 intercurrat
673 1320 882 1376 quaedam
915 1320 1123 1362 distantia
1154 1322 1310 1364 formis.

246 1388 588 1444 concharumque
619 1403 755 1445 genus
786 1389 911 1444 parili
942 1389 1106 1431 ratione
1139 1390 1334 1432 videmus

246 1457 423 1513 pingere
454 1457 621 1498 telluris
651 1457 877 1513 gremium,
909 1473 994 1513 qua
1024 1458 1223 1499 mollibus
1256 1458 1380 1500 undis
1651 1470 1731 1513 375

246 1526 382 1567 litoris
413 1526 579 1567 incurvi
610 1525 803 1567 bibulam
834 1526 955 1581 pavit
986 1541 1144 1582 aequor
1177 1527 1389 1568 harenam.

248 1609 379 1650 quare
410 1595 543 1636 etiam
573 1601 704 1650 atque
737 1595 869 1636 etiam
900 1595 1031 1636 simili
1062 1595 1228 1637 ratione
1258 1602 1480 1644 necessest,

247 1669 403 1705 natura
434 1663 635 1718 quoniam
668 1669 866 1705 constant
896 1679 1035 1719 neque
1069 1665 1181 1705 facta
1211 1679 1341 1705 manu
1373 1669 1475 1705 sunt

248 1733 376 1774 unius
407 1732 461 1774 ad
492 1738 652 1774 certam
685 1733 863 1774 formam
894 1733 1125 1788 primordia
1155 1748 1310 1784 rerum,

248 1800 445 1843 dissimili
475 1802 589 1843 inter
619 1817 663 1843 se
696 1802 905 1857 quaedam
938 1803 1116 1844 volitare
1146 1803 1293 1858 figura.
1651 1803 1735 1854 380

306 1870 510 1912 Perfacile
543 1877 608 1912 est
639 1871 716 1912 tali
747 1871 912 1912 ratione
944 1872 1157 1913 exsolvere
1189 1871 1310 1914 nobis

250 1954 381 1995 quare
413 1940 645 1981 fulmineus
676 1940 813 1981 multo
844 1941 1104 1995 penetralior
1133 1940 1245 1997 ignis

249 2023 378 2064 quam
408 2014 552 2050 noster
583 2009 675 2050 fuat
707 2023 729 2050 e
761 2009 898 2050 taedis
929 2009 1203 2051 terrestribus
1234 2014 1376 2060 ortus3

249 2077 388 2119 dicere
419 2077 534 2119 enim
565 2078 699 2132 possis
730 2078 958 2119 caelestem
990 2079 1180 2119 fulminis
1211 2078 1354 2134 ignem

249 2141 453 2202 suptilem
484 2146 621 2203 magis
653 2161 675 2188 e
706 2147 847 2202 parvis
879 2152 1071 2188 constare
1103 2147 1252 2204 figuris
1651 2148 1729 2201 385

133 2340 249 2372 rather
271 2349 349 2372 uses
371 2349 477 2372 nosco.
610 2341 673 2373 359
694 2342 854 2372 absistens
874 2340 939 2372 Ed.
956 2340 1009 2372 for
1030 2341 1201 2372 adsittens.
1250 2340 1420 2371 adsidueis
1442 2336 1546 2370 Lach.
1569 2337 1681 2369 which
1702 2337 1733 2369 is

133 2405 215 2436 very
229 2395 333 2428 weak.
382 2397 544 2427 adsistens
560 2395 588 2426 B
606 2405 690 2426 corr.
708 2395 801 2426 Nicc.
819 2395 908 2435 vulg.
1056 2394 1116 2426 361
1134 2396 1290 2434 vigyentes.
1339 2396 1482 2426 virentes
1500 2393 1648 2424 Macrob.
1666 2394 1730 2424 sat.

133 2459 169 2481 VI
184 2451 215 2482 2.
331 2449 392 2481 362
409 2450 473 2480 illa
489 2449 547 2479 AB
564 2449 659 2480 Gott.
676 2451 748 2481 ulla
765 2449 916 2481 Macrob.
933 2448 981 2481 1.1.
1003 2448 1047 2479 ‘B
1063 2449 1159 2480 corr.⁷
1179 2458 1256 2488 says
1272 2448 1380 2480 Lach.
1425 2449 1454 2479 A
1470 2458 1554 2481 corr.
1576 2458 1613 2481 as
1629 2449 1646 2479 I
1663 2449 1732 2480 and

134 2504 254 2536 Heius.
270 2503 356 2535 have
371 2503 486 2540 noted,
505 2503 619 2535 Camb.
641 2503 751 2543 vulgo.
879 2503 940 2534 363
957 2504 1100 2534 subitam
1115 2502 1131 2533 I
1149 2512 1224 2534 now
1239 2502 1340 2543 keep:
1366 2512 1420 2534 see
1435 2505 1533 2534 notes
1548 2504 1579 2534 2.
1625 2513 1731 2543 sump-

135 2565 202 2591 tam
223 2558 286 2590 Ed.
314 2558 351 2589 in
376 2559 428 2589 lst
451 2557 502 2589 ed.
548 2559 681 2589 solitam
703 2557 826 2595 Lach.;
851 2557 912 2589 but
933 2557 992 2588 the
1015 2566 1090 2588 care
1113 2556 1192 2588 here
1214 2556 1245 2588 is
1269 2557 1363 2597 quite
1386 2559 1533 2590 insolita.
1669 2557 1731 2589 365

133 2622 290 2652 curaque.
336 2621 512 2650 curamque
527 2610 557 2641 A
571 2620 656 2642 corr.
673 2610 768 2641 Nicc.
877 2610 940 2643 369
956 2611 1140 2641 Balantum
1154 2610 1184 2640 A
1200 2609 1292 2641 Gott.
1310 2609 1403 2641 Nicc.
1421 2612 1483 2641 etc.
1528 2611 1688 2641 Balatum
1703 2609 1731 2640 B

133 2666 223 2698 Flor.
242 2666 282 2697 31
300 2664 417 2696 Gamb.
435 2666 498 2696 etc.
684 2664 746 2697 371
763 2674 828 2695 ηοη
845 2669 953 2695 tamen
968 2674 1070 2695 omne.
1115 2674 1181 2695 non
1197 2665 1258 2703 ita,
1279 2665 1411 2695 Memmi
1426 2664 1544 2695 Bruno
1560 2663 1732 2704 (Harburg

134 2721 231 2758 1872,
247 2729 279 2760 p.
299 2719 349 2762 3):
374 2718 523 2759 acutely;
548 2718 610 2749 but
626 2727 680 2749 see
696 2721 794 2749 notes
811 2719 839 2751 2.
977 2719 1038 2750 372
1057 2719 1178 2757 quique
1194 2717 1300 2748 Lach.
1319 2717 1370 2748 for
1386 2719 1541 2758 quidque.

134 2774 197 2808 376
208 2775 319 2815 pavit.
365 2774 450 2805 lavit
471 2772 605 2804 Nonius
627 2772 713 2803 Mar.
736 2772 811 2803 Ald.
835 2773 852 2803 1
869 2772 966 2803 Junt.
983 2772 1102 2804 Lamb.
1123 2772 1161 2803 in
1182 2774 1264 2811 text,
1285 2772 1345 2804 but
1366 2772 1403 2803 in
1425 2774 1522 2804 notes
1542 2771 1585 2804 he
1605 2772 1731 2812 prefers

128 2829 240 2869 pavit.
399 2827 462 2858 381
479 2831 526 2858 est
543 2827 606 2857 tali
621 2825 726 2857 Lach.
743 2825 796 2857 for
811 2830 859 2857 est
873 2827 991 2857 animi.
1038 2830 1085 2857 est
1096 2827 1206 2865 parili
1221 2826 1321 2858 Bern.
1342 2827 1402 2857 not
1425 2835 1462 2857 so
1478 2826 1571 2857 well:
1594 2825 1654 2857 the
1669 2831 1682 2857 t
1697 2826 1736 2857 of

135 2881 200 2912 tali
215 2889 282 2912 was
298 2879 464 2912 absorbed
478 2880 516 2910 in
532 2884 590 2911 est.
635 2884 683 2910 est
699 2881 767 2911 iam
782 2881 888 2910 <mimi
904 2878 1042 2916 Lamb.;
1068 2879 1128 2910 but
1144 2880 1250 2910 animi
1269 2879 1298 2910 is
1314 2880 1374 2910 out
1390 2879 1426 2910 of
1439 2879 1544 2919 place.

135 2936 198 2967 383
208 2936 291 2976 suat
306 2933 415 2966 Faber
430 2933 499 2965 and
514 2933 626 2966 Bentl.
646 2933 698 2964 for
705 2934 818 2974 fluat:
842 2933 929 2974 Livy
944 2943 1011 2964 xxv
1028 2934 1068 2964 12
1085 2932 1104 2964 6
1120 2943 1202 2964 mss.
1218 2933 1305 2965 have
1312 2934 1403 2974 fluat
1419 2933 1470 2963 for
1479 2933 1572 2974 fuat.
1669 2934 1732 2966 387
