1997 3267
253 193 304 235 52
1054 180 1076 219 Ι

367 288 479 344 quod
510 288 545 329 si
577 288 683 328 forte
715 286 882 341 aliquis,
912 301 1009 326 cum
1040 301 1210 341 corpora
1241 284 1472 333 dissiluere,

367 362 462 398 tum
492 361 620 411 putat
650 355 694 396 id
725 355 815 396 fieri
847 354 946 409 quia
976 369 1019 394 se
1051 354 1304 395 condenseat
1335 368 1416 402 aer,

369 431 505 476 er1·at;
542 439 639 465 nam
672 438 853 464 vacuum
885 428 977 464 tum
1009 423 1058 462 fit
1089 422 1201 477 quod
1232 437 1316 462 non
1347 421 1428 462 fuit
1458 426 1559 462 ante

368 499 413 535 et
443 494 632 548 repletur
661 492 765 533 item
797 506 977 532 vacuum
1010 491 1120 545 quod
1151 490 1344 531 constitit
1373 495 1485 538 ante,

369 577 447 603 nec
478 561 556 603 tali
586 560 749 601 ratione
782 564 922 614 potest
954 559 1167 600 denserier
1198 574 1280 608 aer,
1764 568 1842 612 395

370 643 460 678 nec,
491 628 525 669 si
555 627 639 668 iam
670 631 822 681 posset,
853 625 943 666 sine
974 625 1091 665 inani
1122 631 1274 680 posset,
1306 625 1463 680 opinor,

371 697 462 752 ipse
492 697 537 738 in
568 711 613 737 se
644 695 811 736 trahere
844 699 888 735 et
918 694 1052 749 partis
1083 694 1313 735 conducere
1346 694 1391 734 in
1423 709 1566 735 unum.

429 765 710 819 Quapropter,
742 762 936 817 quamvis
968 762 1178 803 causando
1210 762 1347 803 multa
1379 762 1562 810 moreris,

372 848 461 874 esse
492 832 536 873 in
567 832 693 872 rebus
724 831 850 871 inane
882 835 1027 870 tamen
1059 830 1217 870 fateare
1249 836 1466 871 necessest.

373 901 596 956 multaque
626 904 846 954 praeterea
876 898 958 939 tibi
988 913 1157 952 possum
1191 897 1554 939 commemorando
1762 908 1851 948 400

372 973 626 1025 argumenta
655 967 783 1008 fidem
814 966 939 1007 dictis
969 966 1193 1007 conradere
1224 966 1387 1007 nostris.

374 1053 522 1079 verum
552 1038 694 1079 animo
725 1036 828 1077 satis
858 1036 961 1077 haec
991 1035 1170 1091 vestigia
1199 1050 1329 1090 parva
1358 1034 1499 1090 sagaci

375 1113 476 1149 sunt
507 1121 582 1162 per
612 1120 720 1161 quae
751 1105 883 1160 possis
914 1118 1162 1159 cognoscere
1196 1108 1335 1144 cetera
1365 1109 1472 1145 tute.

373 1190 558 1230 namque
590 1189 713 1216 canes
745 1179 792 1215 ut
823 1174 1092 1229 montivagae
1124 1187 1323 1228 persaepe
1355 1171 1457 1213 ferai

374 1245 547 1286 naribus
577 1243 803 1284 inveniunt
833 1242 1015 1282 intectas
1046 1241 1190 1282 fronde
1222 1241 1398 1296 quietes,
1763 1249 1845 1292 405

375 1327 473 1354 cum
504 1311 635 1353 semel
666 1310 917 1351 institerunt
949 1309 1129 1365 vestigia
1159 1314 1274 1350 certa
1306 1308 1400 1358 viai,

375 1380 436 1422 sic
465 1380 552 1421 alid
583 1394 633 1420 ex
665 1379 747 1420 alio
777 1393 853 1433 per
882 1383 925 1419 te
957 1383 1052 1418 tute
1085 1378 1174 1432 ipse
1206 1377 1347 1417 videre

376 1448 535 1490 talibus
565 1447 611 1488 in
641 1446 767 1488 rebus
798 1445 955 1501 poteris
986 1460 1212 1499 caecasque
1244 1444 1426 1485 latebras

376 1516 592 1558 insinuare
623 1514 759 1556 omnis
790 1520 833 1555 et
864 1528 1011 1554 verum
1042 1513 1286 1568 protrahere
1317 1513 1426 1553 inde.

377 1584 491 1639 quod
522 1583 558 1624 si
589 1582 768 1638 pigraris
798 1581 1027 1636 paulumve
1059 1580 1277 1621 recesseris
1307 1580 1360 1621 ab
1391 1595 1447 1628 re,
1764 1590 1853 1631 410

379 1652 457 1693 hoc
488 1651 569 1692 tibi
600 1650 652 1691 de
682 1650 809 1705 plano
840 1663 1010 1703 possum
1042 1649 1301 1702 promittere,
1333 1647 1533 1688 Memmi:

378 1734 512 1774 usque
544 1718 647 1759 adeo
678 1718 815 1773 largos
846 1717 1024 1757 haustus
1056 1731 1078 1757 e
1110 1716 1289 1756 fontibu'
1323 1715 1487 1770 magnis

378 1788 526 1843 lingua
556 1801 649 1827 meo
680 1785 820 1826 suavis
850 1784 930 1825 diti
961 1784 1012 1825 de
1044 1789 1211 1839 pectore
1244 1783 1405 1832 fundet,

377 1861 429 1898 ut
458 1870 603 1896 verear
633 1868 686 1895 ne
717 1853 840 1894 tarda
869 1852 986 1907 prius
1018 1867 1092 1907 per
1123 1852 1312 1892 membra
1343 1856 1538 1892 senectus

378 1930 522 1980 serpat
552 1929 596 1965 et
627 1922 671 1963 in
702 1921 822 1963 nobis
853 1921 959 1962 vitai
989 1921 1172 1962 claustra
1202 1920 1393 1969 resolvat,
1766 1929 1850 1974 415

379 2008 508 2050 quam
539 1992 620 2034 tibi
650 1991 702 2032 de
735 1990 883 2045 quavis
915 2005 999 2030 una
1029 2005 1073 2031 re
1105 1990 1295 2031 versibus
1326 1989 1463 2031 omnis

381 2068 729 2118 argumentorum
762 2059 817 2100 sit
849 2058 968 2114 copia
999 2058 1128 2099 missa
1158 2073 1232 2114 per
1262 2057 1384 2098 auris.

438 2130 524 2172 Sed
553 2144 666 2170 nunc
695 2134 745 2170 ut
776 2132 966 2182 repetam
997 2132 1194 2181 coeptum
1227 2132 1444 2181 pertexere
1475 2126 1611 2177 dictis,

383 2198 520 2240 omnis
550 2203 600 2238 ut
632 2201 696 2238 est
726 2195 860 2251 igitur
889 2209 965 2249 per
995 2209 1038 2235 se
1069 2200 1223 2235 natura
1253 2194 1418 2235 duabus

385 2266 579 2308 constitit
609 2265 653 2306 in
684 2265 834 2314 rebus3
875 2278 974 2304 narn
1005 2278 1175 2318 corpora
1205 2269 1306 2304 sunt
1337 2269 1380 2304 et
1411 2263 1548 2313 inane,
1765 2275 1854 2317 420

384 2335 487 2376 haec
520 2335 564 2375 in
595 2349 678 2388 quo
709 2333 792 2374 sita
821 2338 922 2373 sunt
954 2337 997 2373 et
1028 2346 1113 2386 qua
1143 2332 1308 2372 diversa
1337 2338 1570 2376 moventur.

384 2417 537 2458 corpus
568 2401 681 2442 enim
711 2416 787 2456 per
818 2415 862 2441 se
895 2400 1129 2441 communis
1160 2399 1327 2440 dedicat
1358 2414 1447 2440 esse

383 2484 556 2521 sensus3
591 2469 660 2511 cui
691 2469 772 2509 nisi
802 2468 940 2523 prima
968 2468 1073 2509 fides
1103 2468 1281 2509 fundata
1311 2468 1479 2517 valebit,

383 2539 489 2580 haut
520 2538 601 2578 erit
632 2537 807 2578 occultis
837 2537 891 2578 de
921 2536 1047 2577 rebus
1078 2551 1161 2590 quo
1191 2537 1420 2577 referentes

269 2649 354 2682 Mar.
374 2648 448 2680 Ald.
467 2649 484 2678 1
501 2648 598 2679 Junt.
614 2647 666 2678 for
681 2648 828 2687 quisque.
972 2647 1033 2678 391
1051 2646 1176 2677 Oreeoh
1192 2656 1352 2687 supposes
1368 2657 1459 2679 some
1475 2656 1541 2679 vss.
1563 2649 1599 2679 to
1619 2647 1659 2679 be
1679 2647 1747 2679 lost
1767 2649 1856 2681 after

269 2703 339 2734 this
354 2712 384 2734 v.
541 2701 602 2733 395
619 2701 783 2731 denserier
797 2700 826 2730 A
841 2709 926 2730 corr.
943 2699 1032 2730 Flor.
1051 2701 1090 2731 31
1107 2700 1159 2730 for
1180 2701 1412 2731 condenserz'er.
1566 2702 1628 2731 404
1645 2703 1738 2741 ferai
1758 2702 1849 2735 Nico.

270 2757 358 2788 Flor.
379 2755 419 2787 31
441 2754 557 2786 Camb.
581 2756 643 2785 etc.
666 2754 716 2785 for
732 2754 858 2793 ferare.
882 2754 1034 2793 ferarum
1054 2754 1083 2784 A
1103 2763 1186 2785 corr.
1319 2754 1381 2784 411
1405 2755 1444 2784 de
1462 2755 1565 2794 plano
1587 2754 1675 2786 Flor.
1701 2756 1741 2786 31
1765 2756 1849 2789 Mar.

271 2810 367 2841 Junt.
392 2810 444 2840 for
467 2810 618 2848 cleptano.
795 2807 858 2837 412
885 2808 1013 2846 magynis
1041 2806 1069 2837 A
1093 2816 1177 2838 corr.
1204 2806 1295 2837 Nico.
1320 2807 1366 2838 all
1389 2806 1446 2837 the
1470 2807 1546 2838 Ital.
1576 2807 1691 2839 Camb.
1714 2810 1777 2839 etc.
1802 2809 1854 2841 for

271 2873 401 2903 maynes
422 2863 459 2894 of
477 2862 505 2892 A
525 2871 558 2901 p.
575 2871 618 2892 m.
669 2870 778 2891 amnes
798 2860 826 2890 B
848 2860 916 2890 and
939 2860 1030 2890 Gott.
1048 2859 1115 2890 and
1136 2859 1208 2890 also
1226 2869 1317 2890 same
1334 2860 1362 2890 A
1377 2869 1481 2896 corr.;
1505 2859 1642 2891 whence
1656 2860 1769 2892 Bentl.
1786 2862 1854 2894 and

272 2916 370 2948 Bern.
396 2915 475 2947 read
500 2916 602 2954 larqis
626 2915 757 2944 haustos
781 2923 807 2944 e.
825 2914 856 2953 f.
879 2915 996 2950 amnis,
1013 2912 1151 2952 making
1174 2913 1193 2943 3
1216 2912 1372 2952 changes
1421 2914 1565 2952 mayneis
1587 2913 1705 2945 Heius.
1726 2913 1763 2946 in
1785 2925 1849 2949 ms.
