1997 3267
932 169 954 210 l
1683 183 1731 226 55

241 276 399 332 partim
431 276 608 318 concilio
638 291 748 332 quae
779 282 979 318 constant
1010 277 1347 333 principiorum.-

239 345 313 387 sed
345 360 455 401 quae
486 352 588 387 sunt
618 361 761 387 rerum
793 345 1038 401 primordia,
1068 346 1189 388 nulla
1220 352 1363 402 potest
1394 347 1458 388 vis
1648 353 1731 403 485

240 414 485 471 stinguere3
525 430 624 456 nam
655 414 789 456 solido
821 415 1000 457 vincunt
1031 430 1082 458 ea
1111 431 1284 471 corpore
1315 416 1502 459 demum.

240 484 322 526 etsi
352 484 525 526 difficile
556 498 646 526 esse
678 484 851 526 videtur
881 484 1053 526 credere
1084 485 1316 540 quicquam

239 553 285 595 in
316 554 443 596 rebus
474 553 608 596 solido
638 554 816 609 reperiri
847 569 1018 610 corpore
1051 569 1182 610 posse.

240 623 396 666 transit
428 623 543 666 enim
575 623 739 665 fulmen
770 623 876 665 caeli
909 638 985 679 per
1015 630 1165 680 saepta
1195 624 1430 675 domorum,

239 693 397 736 clamor
426 699 476 735 ut
507 708 555 735 ac
589 707 736 744 voces;
777 693 936 735 ferrum
967 693 1185 735 candescit
1215 694 1261 736 in
1291 694 1381 750 igni
1648 708 1737 750 490

239 761 542 817 dissiliuntque
575 761 661 803 fero
693 762 905 803 ferventia
935 776 1036 803 saxa
1068 777 1249 818 vapore3

240 836 335 874 tum
368 831 650 873 labefactatus
681 831 796 888 rigor
825 831 919 873 auri
950 831 1131 873 solvitur
1161 838 1312 885 aestu3

240 907 336 944 tum
366 901 524 958 glacies
554 901 664 943 aeris
696 902 870 943 flamma
901 902 1072 943 devicta
1104 902 1330 958 liquescit;

239 976 464 1027 permanat
495 970 608 1012 calor
637 978 866 1027 argentum
899 971 1204 1027 penetraleque
1236 971 1382 1027 frigus,

241 1039 412 1096 quando
443 1044 678 1095 utrumque
710 1054 840 1080 manu
873 1040 1113 1082 retinentes
1144 1040 1298 1095 pocula
1329 1041 1409 1082 rite
1649 1054 1732 1095 495

239 1108 452 1151 sensimus
483 1108 624 1150 infuso
656 1108 930 1165 lympharum
962 1124 1053 1152 rore
1085 1125 1278 1166 superne.

240 1193 375 1234 usque
406 1178 512 1220 adeo
544 1177 588 1219 in
619 1178 748 1220 rebus
779 1178 905 1220 solidi
937 1179 998 1220 nil
1030 1194 1122 1221 esse
1156 1179 1342 1222 videtur.

239 1246 314 1289 sed
345 1246 447 1302 quia
478 1261 576 1288 vera
607 1253 754 1288 tamen
786 1248 896 1289 ratio
930 1254 1171 1304 naturaque
1202 1263 1346 1290 rerum

239 1315 365 1372 cogit,
397 1315 509 1364 ades,
541 1315 689 1371 paucis
719 1315 823 1357 dum
856 1316 1049 1358 versibus
1081 1316 1360 1372 expediamus

239 1400 331 1428 esse
362 1399 413 1426 ea
443 1399 551 1440 quae
583 1383 718 1426 solido
748 1392 881 1441 atque
911 1392 1087 1427 aeterno
1118 1401 1290 1442 corpore
1322 1391 1530 1435 constent,
1652 1397 1734 1440 500

237 1454 404 1497 semina
432 1468 543 1509 quae
574 1469 717 1497 rerum
748 1455 1065 1511 primordiaque
1096 1470 1187 1497 esse
1218 1455 1431 1505 docemus,

239 1523 355 1567 unde
387 1524 526 1567 omnis
556 1540 700 1567 rerum
732 1540 847 1566 nunc
878 1531 1046 1566 constet
1078 1539 1247 1566 summa
1278 1532 1430 1567 creata.

299 1593 516 1650 Principio
548 1594 752 1650 quoniam
785 1593 944 1650 duplex
978 1600 1133 1636 natura
1165 1594 1346 1636 duarum

238 1662 459 1705 dissimilis
490 1678 631 1705 rerum
666 1663 792 1720 longe
823 1670 1017 1706 constare
1048 1669 1273 1719 repertast,

239 1731 424 1788 corporis
455 1738 586 1788 atque
619 1732 711 1782 loci,
742 1747 809 1774 res
840 1732 885 1774 in
917 1747 1000 1788 quo
1032 1748 1227 1789 quaeque
1257 1742 1479 1790 geruntur,
1652 1745 1729 1789 505

239 1817 331 1845 esse
361 1808 591 1859 utramque
622 1803 704 1844 sibi
736 1817 813 1858 per
842 1817 888 1844 se
920 1818 1158 1859 puramque
1189 1810 1413 1846 necessest.

239 1887 341 1914 nam
372 1886 644 1929 quacumque
677 1877 801 1914 vacat
832 1873 1036 1928 spatium,
1067 1873 1181 1928 quod
1213 1873 1340 1914 inane
1374 1888 1588 1924 vocamus,

239 1958 392 1999 corpus
423 1957 474 1984 ea
504 1957 590 1984 non
622 1948 714 1994 est;
755 1958 841 1999 qua
871 1958 994 1999 porro
1026 1959 1211 2000 cumque
1243 1950 1364 1986 tenet
1395 1960 1439 1987 se

239 2026 402 2067 corpus,
435 2026 486 2053 ea
517 2026 700 2053 vacuum
733 2026 1005 2068 nequaquam
1037 2018 1206 2054 constat
1236 2013 1374 2055 inane.

238 2086 342 2123 sunt
373 2079 508 2136 igitur
538 2080 672 2121 solida
703 2095 751 2121 ac
783 2080 875 2122 sine
907 2080 1026 2122 inani
1057 2096 1232 2137 corpora
1261 2083 1410 2138 prima.
1652 2093 1735 2136 510

239 2155 465 2205 praeterea
497 2150 700 2205 quoniam
731 2150 892 2207 genitis
923 2151 969 2192 in
1000 2151 1128 2193 rebus
1159 2151 1343 2202 inanest,

238 2218 464 2260 materiem
498 2218 658 2261 circum
690 2219 869 2260 solidam
901 2226 1096 2261 constare
1127 2226 1354 2270 necessest,

238 2303 318 2331 nec
347 2303 415 2331 res
448 2288 536 2330 ulla
566 2295 711 2345 potest
741 2304 843 2331 vera
872 2289 1039 2332 ratione
1071 2290 1242 2346 probari

238 2373 412 2415 corpore
442 2358 570 2400 inane
601 2373 678 2400 suo
709 2359 846 2401 celare
878 2365 1010 2415 atque
1042 2359 1160 2401 intus
1192 2360 1362 2410 habere,

237 2427 275 2470 Si
305 2442 403 2477 non,
435 2429 548 2484 quod
581 2428 765 2478 cohibet,
798 2429 982 2470 solidum
1014 2435 1207 2471 constare
1238 2430 1465 2486 relinquas.
1652 2440 1731 2484 515

238 2494 284 2537 id
313 2509 438 2551 porro
467 2495 529 2536 nil
562 2510 654 2537 esse
685 2501 830 2551 potest
860 2496 944 2538 nisi
976 2497 1174 2538 materiai

120 2633 246 2660 constet
260 2629 290 2660 A
305 2628 399 2661 Nico.
445 2634 576 2661 constat
590 2630 619 2661 B
637 2629 732 2664 Gott.
846 2630 910 2662 484
927 2640 1011 2671 quae
1027 2630 1056 2661 B
1072 2639 1158 2662 corr.
1176 2630 1293 2662 Camb.
1311 2640 1396 2662 corr.
1414 2630 1466 2662 for
1481 2640 1560 2672 qua.
1669 2632 1734 2665 486

121 2684 299 2724 Stirzyuere
316 2683 386 2715 AB.
433 2684 604 2724 Strinyere
620 2683 650 2714 A
666 2693 751 2715 corr.
767 2682 860 2715 Nice.
878 2683 948 2715 and
964 2683 1011 2715 all
1026 2683 1114 2715 later
1127 2693 1209 2715 mss.
1226 2684 1296 2716 and
1312 2684 1381 2716 eds.
1399 2685 1513 2717 before
1527 2685 1649 2718 Lach.:
1673 2686 1734 2719 but

120 2737 212 2770 Flor.
236 2739 279 2770 30
300 2738 366 2770 has
389 2740 566 2778 Stinyuere
588 2739 626 2770 in
649 2749 756 2779 marg.
891 2740 954 2772 489
977 2740 1108 2780 fulmen
1130 2740 1160 2770 A
1182 2749 1269 2771 corr.
1292 2739 1322 2770 B
1344 2750 1427 2771 corr.
1454 2740 1547 2772 Nico.
1571 2750 1657 2772 corr.
1682 2742 1734 2773 for

113 2793 253 2833 flumen.
298 2791 407 2824 Lach.
431 2792 607 2833 strangely
629 2792 728 2824 reads
750 2794 888 2833 caelum,
910 2803 947 2834 p.
973 2803 1000 2824 s.
1023 2793 1192 2824 domorum
1216 2794 1268 2826 Cl.
1286 2794 1326 2830 it,
1351 2803 1389 2825 as
1411 2793 1438 2824 if
1461 2793 1519 2825 the
1542 2795 1604 2832 air,
1621 2794 1690 2826 like
1714 2805 1735 2827 a.

121 2849 221 2878 stone
240 2845 330 2884 wall,
346 2855 432 2878 were
452 2855 472 2877 a
492 2845 580 2886 good
601 2845 758 2878 instance
779 2846 817 2878 of
837 2856 858 2878 a
877 2856 960 2887 very
975 2846 1063 2878 solid
1083 2846 1204 2887 thing:
1229 2847 1276 2878 all
1291 2857 1372 2879 mss.
1393 2846 1480 2878 have
1495 2848 1582 2878 caeli
1599 2847 1667 2879 and
1682 2854 1732 2880 ut.

121 2910 162 2932 ac
183 2900 311 2933 Avanc.
337 2900 413 2932 first
435 2900 489 2932 for
511 2901 566 2932 ad.
714 2901 777 2933 491
795 2902 968 2941 ferventia
993 2902 1079 2933 Mar.
1104 2901 1202 2933 Junt.
1227 2901 1296 2933 and
1317 2902 1436 2934 Lamb.
1464 2901 1517 2934 ed.
1543 2903 1561 2933 1
1585 2902 1638 2934 for
1661 2905 1732 2944 fer-

120 2956 226 2986 venti.
395 2955 458 2988 492
477 2959 545 2986 tum
558 2955 654 2987 Brix.
671 2954 747 2987 Ver.
769 2955 852 2988 Ven.
870 2956 921 2988 for
937 2966 1021 2988 cum.
1190 2957 1253 2988 500
1269 2962 1416 2989 constent
1433 2957 1460 2987 B
1482 2966 1568 2989 corr.
1586 2957 1638 2990 for
1658 2969 1732 2991 con-
