1997 3267
874 207 922 249 II
1646 213 1694 262 85

211 331 324 357 nunc
354 315 399 357 id
430 315 544 371 quod
573 319 767 370 superest
797 314 850 356 de
881 314 1070 355 motibus
1102 313 1410 369 expediemus]

271 384 400 425 Nunc
431 384 546 425 locus
577 389 652 433 est,
684 388 734 424 ut
766 383 924 438 opinor,
955 382 1001 423 in
1031 382 1098 423 his
1128 381 1235 424 illud
1267 398 1435 438 quoque
1466 384 1592 425 rebus

212 453 460 495 confirmare
493 452 586 501 tibi,
617 452 780 492 nullam
811 466 902 492 rem
933 465 1055 506 posse
1086 464 1164 492 sua
1194 451 1238 492 vi
1621 456 1694 506 185

212 535 453 576 corpoream
484 534 653 561 sursum
684 519 782 560 ferri
813 534 1069 574 sursumque
1100 534 1265 570 meare3

212 605 265 631 ne
296 589 378 631 tibi
409 589 512 630 dent
541 589 587 630 in
618 604 666 630 eo
697 589 965 630 flammarum
997 603 1169 643 corpora
1201 588 1402 630 fraudem.

213 673 358 701 sursus
389 659 503 700 enim
534 673 680 699 versus
709 659 950 715 gignuntur
981 663 1026 699 et
1055 657 1260 713 augmina
1290 663 1468 699 sumunt

214 732 259 769 et
290 742 457 769 sursum
488 727 651 769 nitidae
682 727 824 782 fruges
855 726 1115 782 arbustaque
1147 733 1354 777 crescunt,

214 797 412 854 pondera,
443 803 653 853 quantum
684 796 730 837 in
761 810 805 837 se
837 801 913 845 est,
945 811 1043 837 cum
1074 796 1272 838 deorsum
1305 802 1460 838 cuncta
1491 797 1695 839 ferantur.

212 880 291 907 nec
322 880 419 906 cum
450 865 684 906 subsiliunt
715 864 836 920 ignes
866 864 920 905 ad
952 870 1068 906 tecta
1098 865 1320 906 domorum
1622 878 1693 919 191

214 940 259 977 et
290 935 415 976 celeri
446 935 619 976 flamma
649 934 884 990 degustant
915 933 1037 989 tigna
1068 934 1308 989 trabesque,

213 1009 364 1059 sponte
396 1018 472 1044 sua
503 1003 638 1044 facere
670 1002 714 1043 id
745 1002 836 1043 sine
867 1001 910 1042 vi
941 1001 1170 1057 subigente
1201 1002 1443 1057 putandum
1476 1008 1551 1045 est.

214 1072 326 1128 quod
356 1087 492 1128 genus
523 1086 546 1112 e
575 1076 720 1112 nostro
751 1085 879 1126 quom
911 1070 1065 1111 missus
1096 1085 1267 1126 corpore
1298 1071 1472 1127 sanguis

213 1141 369 1183 emicat
400 1141 597 1182 exultans
627 1140 714 1181 alte
745 1139 994 1194 spargitque
1026 1154 1229 1182 cruorem.
1623 1151 1696 1193 195

213 1224 353 1251 nonne
383 1209 500 1250 vides
531 1209 662 1250 etiam
694 1214 856 1264 quanta
886 1207 928 1249 vi
959 1207 1081 1263 tigna
1112 1208 1340 1262 trabesque

215 1283 390 1333 respuat
421 1292 544 1319 umor
573 1279 742 1332 aquae?
788 1291 889 1317 nam
920 1291 1005 1331 quo
1037 1276 1174 1332 magis
1207 1276 1395 1317 ursimus
1426 1277 1514 1318 alte

214 1346 387 1387 derecta
417 1351 460 1387 et
492 1361 649 1401 magna
680 1345 724 1386 vi
754 1345 883 1386 multi
913 1344 1146 1400 pressimus
1176 1359 1314 1401 aegre,

215 1419 305 1456 tam
336 1414 490 1470 cupide
522 1429 689 1455 sursum
721 1414 904 1455 revomit
935 1413 1071 1469 magis
1102 1419 1233 1469 atque
1263 1413 1460 1463 remittit,

214 1484 311 1539 plus
341 1489 391 1524 ut
422 1489 544 1538 parte
575 1483 685 1524 foras
716 1489 939 1539 emergant
970 1483 1244 1538 exiliantque.
1621 1495 1703 1525 200

215 1567 293 1593 nec
325 1557 470 1593 tamen
502 1552 618 1602 haee,
649 1558 861 1608 quantum
893 1557 958 1593 est
989 1552 1033 1592 in
1065 1567 1120 1601 se,
1152 1551 1412 1598 dubitamus
1445 1551 1603 1607 opinor,

216 1619 321 1675 quin
351 1634 534 1661 vacuum
565 1635 641 1675 per
671 1620 798 1661 inane
830 1620 1027 1662 deorsum
1059 1625 1214 1661 cuncta
1245 1619 1446 1661 ferantur.

215 1688 274 1730 sic
304 1688 440 1744 igitur
470 1688 628 1730 debent
659 1689 857 1730 fiammae
890 1703 1058 1744 quoque
1089 1703 1209 1744 posse
1240 1703 1317 1744 per
1347 1703 1471 1730 auras

217 1756 325 1798 aeris
357 1771 580 1811 expressae
611 1772 780 1798 sursum
813 1757 1049 1803 succedere,
1081 1771 1342 1812 quamquam

215 1825 412 1881 pondera,
445 1830 656 1880 quantum
686 1825 731 1866 in
762 1831 861 1874 sest,
892 1825 1090 1866 deorsum
1122 1825 1327 1866 deducere
1358 1829 1564 1880 pugnent,
1621 1835 1698 1878 205

215 1899 530 1949 nocturnasque
562 1894 673 1935 faces
703 1894 809 1935 caeli
840 1893 1023 1934 sublime
1054 1893 1238 1934 volantis

216 1977 356 2004 nonne
387 1962 506 2004 vides
536 1963 683 2019 longos
713 1963 984 2003 flammarum
1015 1962 1169 2003 ducere
1202 1967 1364 2003 tractus

218 2030 264 2071 in
294 2045 583 2086 quascumque
614 2030 734 2072 dedit
765 2030 899 2086 partis
928 2035 1085 2071 natura
1114 2032 1340 2070 meatum?

217 2113 303 2140 non
333 2099 481 2140 cadere
512 2099 557 2139 in
588 2104 746 2140 terram
777 2099 924 2140 stellas
955 2103 999 2139 et
1030 2097 1169 2139 sidera
1199 2097 1368 2139 cernis?

220 2161 281 2209 sol
312 2168 443 2209 etiam
474 2168 579 2210 caeli
608 2168 661 2209 de
692 2168 852 2209 vertice
883 2167 1064 2222 dissipat
1097 2166 1235 2208 omnis
1623 2178 1706 2208 210

105 2314 205 2346 Pont.
228 2312 324 2345 Junt.
351 2312 462 2352 vulgo,
488 2312 600 2344 which
622 2322 703 2354 may
725 2312 766 2344 be
788 2312 891 2353 right.
936 2312 1035 2343 Wak.
1060 2311 1180 2352 adopts
1203 2311 1261 2343 the
1284 2311 1525 2352 interpolation
1548 2312 1585 2343 of
1613 2312 1706 2344 Nicc.

105 2378 303 2410 quamquam
319 2368 398 2400 haec
413 2370 482 2400 sint
494 2369 664 2409 praedita,
680 2367 750 2400 and
766 2368 858 2408 gives
874 2378 895 2399 a
910 2367 1083 2399 ludicrous
1100 2367 1320 2407 explanation
1336 2367 1372 2399 of
1385 2367 1424 2399 it.
1536 2367 1598 2400 187
1608 2369 1706 2408 frau-

106 2424 187 2455 dem.
228 2423 364 2463 srudem
378 2422 424 2454 B:
451 2432 505 2454 see
521 2432 556 2454 VI
574 2423 648 2455 187.
811 2423 873 2455 193
888 2424 1058 2462 subigente
1073 2422 1193 2455 Lamb.
1213 2422 1339 2454 Creech
1355 2422 1461 2454 Lach.
1478 2423 1529 2454 for
1544 2424 1702 2456 subiecta.

105 2478 259 2509 subeunte
280 2477 381 2508 Bern.
404 2476 515 2507 which
535 2477 565 2507 is
587 2476 709 2517 hardly
731 2486 768 2508 so
787 2486 869 2508 near
892 2476 950 2508 the
972 2486 1037 2507 ms.
1059 2475 1220 2516 reading:
1247 2486 1300 2508 see
1322 2476 1459 2517 Madvig
1480 2476 1611 2509 emend.
1630 2476 1706 2508 Liv.

107 2540 140 2571 p.
165 2531 239 2562 210.
393 2530 455 2563 194
480 2531 574 2570 Quod
596 2540 697 2570 yenus
721 2541 736 2562 e
761 2535 882 2562 nostro.
932 2531 1025 2570 Quod
1047 2541 1148 2570 genus
1173 2535 1220 2562 est
1243 2530 1350 2562 Lach.
1374 2531 1481 2571 justly
1504 2530 1640 2562 blamed
1662 2530 1707 2570 by

108 2584 243 2625 Madvig
263 2584 339 2616 Lat.
361 2594 469 2624 gram.
485 2584 537 2616 ed.
556 2586 574 2615 3
591 2595 624 2625 p.
642 2594 677 2615 lx
698 2585 751 2616 for
772 2584 830 2616 the
846 2595 920 2625 way
935 2584 972 2616 in
988 2584 1100 2616 which
1120 2584 1164 2616 he
1186 2584 1279 2616 deals
1294 2584 1378 2616 with
1399 2586 1486 2625 quod
1506 2596 1606 2625 genus
1628 2585 1707 2616 here

106 2638 176 2671 and
190 2638 228 2669 in
243 2638 340 2670 other
355 2638 477 2678 places.
524 2648 619 2679 quom
634 2638 726 2671 Nice.
745 2649 814 2670 com
829 2638 858 2669 A
873 2638 978 2670 Lach.
997 2648 1069 2669 cum
1085 2638 1125 2669 B.
1280 2639 1343 2671 197
1358 2640 1511 2671 ursimus.
1559 2640 1706 2678 urgyimus

108 2693 136 2724 A
158 2702 242 2724 corr.
269 2692 361 2725 Nice.
389 2691 507 2723 Camb.
684 2694 752 2724 alte
775 2693 865 2724 Flor.
891 2693 932 2724 31
956 2693 1008 2724 for
1032 2694 1118 2724 altu.
1282 2693 1344 2726 198
1367 2694 1520 2724 Derecto.
1566 2694 1706 2724 Deiecta

107 2746 210 2778 Lach.
393 2746 454 2778 199
478 2748 617 2777 revomit
639 2746 740 2778 Pont.
765 2747 910 2787 Nauger.
938 2746 990 2778 for
1012 2751 1162 2779 removet.
1341 2747 1405 2778 203
1430 2748 1544 2778 debent
1552 2747 1707 2786 flammae

107 2810 234 2841 quoque
257 2799 331 2833 Ald.
359 2800 377 2830 1
401 2799 496 2831 Junt.
526 2800 578 2831 for
601 2810 632 2840 q.
658 2801 690 2831 d.
705 2801 748 2840 fl.
994 2801 1055 2832 205
1079 2802 1117 2832 in
1139 2811 1172 2833 se
1196 2806 1244 2832 est
1265 2802 1415 2833 deorsum
1437 2802 1594 2832 deducere
1618 2801 1703 2834 Mar.

107 2854 183 2886 Ald.
212 2854 229 2884 1
257 2854 353 2885 Junt.
377 2853 430 2885 for
455 2855 542 2885 inest
569 2855 716 2885 deorsum
743 2855 871 2886 ducere.
960 2856 998 2886 in
1023 2865 1056 2886 se
1083 2860 1131 2887 est
1157 2855 1245 2888 Flor.
1271 2855 1312 2887 31
1341 2855 1458 2887 Camb.
1548 2860 1708 2896 quantum

108 2911 156 2938 est
177 2908 215 2938 iu
236 2917 268 2938 se
291 2908 439 2938 deorsum
461 2908 576 2938 ducere
601 2917 665 2938 one
689 2907 766 2939 Vat.
791 2908 892 2940 Pont.
917 2908 1019 2940 Lach.
1504 2909 1567 2941 209
1590 2910 1707 2940 cadere

109 2962 146 2992 in
169 2964 289 2992 terram
311 2960 403 2992 Nico.
430 2960 483 2992 for
505 2962 653 2992 caderem
676 2962 714 2993 in
739 2966 838 2993 terra.
1026 2962 1090 2993 210
1112 2963 1199 2994 caeli
1222 2963 1323 2994 Bern.
1347 2961 1455 2993 better
1478 2961 1564 2994 than
1587 2972 1708 2993 summo
