1997 3267
924 173 996 216 III
1694 187 1769 228 143

291 293 462 336 corpore
492 278 656 334 reliqiio
686 292 878 334 pugnam
911 277 1145 333 caedesque
1175 278 1367 333 petessit‚

290 363 368 390 nec
399 352 520 390 tenet
550 347 750 389 amissam
783 346 948 387 laevam
979 360 1075 387 cum
1109 346 1299 401 tegmine
1331 360 1457 402 saepe

289 417 403 459 inter
433 431 564 472 equos
594 416 791 458 abstraxe
822 421 937 456 rotas
968 415 1179 470 falcesque
1211 429 1395 470 rapaces,
1689 416 1774 467 650

290 500 368 527 nec
397 485 598 527 cecidisse
628 484 737 525 alius
768 483 976 532 dextram,
1007 497 1103 523 cum
1135 483 1302 525 scandit
1333 489 1377 525 et
1407 484 1552 526 instat.

289 555 390 596 inde
420 554 529 595 alius
560 559 738 595 conatur
768 552 970 608 adempto
1001 566 1174 608 surgere
1205 567 1338 601 crure,

289 638 386 665 cum
418 623 575 680 digitos
605 622 744 678 agitat
775 628 948 677 propter
980 621 1260 662 moribundus
1293 621 1414 663 humi
1445 637 1529 677 pes.

289 697 334 734 et
364 698 494 748 caput
524 691 736 733 abscisum
768 690 904 732 calido
935 690 1193 745 viventeque
1226 696 1377 731 trunco

288 765 430 802 servat
461 760 583 801 humi
614 759 778 801 voltum
812 759 987 800 vitalem
1020 759 1245 814 oculosque
1277 760 1478 814 patentis,
1689 761 1770 812 655

289 829 422 871 donec
452 828 653 884 reliquias
684 827 843 869 animai
874 827 1062 869 reddidit]
1094 842 1251 870 omnes.

289 898 394 953 quin
425 897 558 939 etiam
590 896 672 938 tibi
702 895 750 946 si,
784 896 932 952 lingua
963 895 1171 945 vibrante,
1203 896 1380 938 micanti

288 965 500 1021 serpentis
531 964 667 1006 cauda
697 979 720 1006 e
751 978 924 1020 procero
954 978 1136 1019 corpore,
1169 970 1399 1020 utrumque

287 1101 346 1144 sit
376 1101 549 1144 libitum
580 1101 625 1142 in
657 1100 818 1142 multas
847 1101 982 1156 partis
1013 1101 1220 1143 discidere
1251 1102 1373 1153 ferro,

288 1170 431 1212 omnia
460 1170 546 1211 iam
577 1184 742 1211 sorsum
774 1183 920 1211 cernes
951 1169 1093 1211 ancisa
1123 1170 1286 1211 recenti
1688 1170 1775 1212 660

287 1239 457 1281 volnere
489 1239 639 1281 tortari
671 1244 716 1280 et
747 1244 904 1280 terram
937 1253 1215 1295 conspargere
1247 1239 1360 1288 tabo,

286 1308 424 1364 ipsam
454 1323 584 1364 seque
616 1314 729 1350 retro
759 1313 927 1364 partem
957 1313 1104 1363 petere
1136 1322 1206 1349 ore
1238 1308 1434 1364 priorem,

287 1377 470 1419 volneris
501 1377 671 1419 ardenti
702 1382 752 1418 ut
782 1392 923 1418 morsu
959 1382 1128 1432 premat
1159 1377 1246 1418 icta
1275 1376 1474 1420 dolorem.

286 1446 487 1488 omnibus
519 1461 609 1488 esse
639 1446 775 1503 igitur
806 1452 919 1488 totas
951 1446 1142 1488 dicemus
1173 1446 1217 1487 in
1249 1446 1334 1487 illis

285 1515 508 1571 particulis
538 1514 735 1557 animas?
784 1520 830 1557 at
861 1529 911 1556 ea
942 1514 1107 1556 ratione
1138 1520 1344 1570 sequetur
1689 1515 1768 1567 665

287 1599 416 1626 unam
448 1584 713 1626 animantem
745 1584 910 1625 animas
941 1584 1140 1625 habuisse
1172 1584 1217 1625 in
1248 1598 1418 1639 corpore
1450 1583 1616 1625 multas.

287 1668 387 1710 ergo
417 1653 595 1695 divisast
625 1667 676 1695 ea
709 1668 819 1708 quae
851 1653 936 1694 fuit
967 1668 1054 1694 una
1085 1652 1213 1694 simul
1245 1668 1341 1694 cum

288 1737 483 1778 corpore3
523 1728 784 1778 quapropter
814 1722 994 1764 mortale
1026 1727 1259 1778 utrumque
1289 1721 1587 1778 putandumst,

287 1791 333 1834 in
364 1791 524 1833 multas
555 1791 757 1847 quoniam
788 1791 923 1846 partis
954 1791 1182 1833 disciditur
1212 1806 1359 1848 aeque.

346 1861 573 1902 Praeterea
601 1860 638 1902 si
668 1860 908 1902 inmortalis
939 1866 1095 1902 natura
1125 1861 1285 1902 animai
1687 1862 1773 1914 670

291 1935 459 1972 constat
490 1934 534 1971 et
566 1929 612 1970 in
642 1943 795 1984 corpus
826 1929 1103 1971 nascentibus
1134 1929 1390 1979 insinuatur,

287 2013 363 2040 cur
392 2013 521 2053 super
549 2003 792 2040 anteactam
823 2003 1012 2040 aetatem
1043 1998 1288 2040 meminisse
1318 1998 1543 2054 nequimus

287 2082 365 2109 nec
395 2068 580 2124 vestigia
609 2073 829 2124 gestarum
859 2083 1002 2110 rerum
1033 2068 1122 2109 ulla
1152 2071 1381 2109 tenemus?

287 2151 387 2178 nam
419 2137 454 2177 si
486 2142 609 2178 tanto
640 2142 808 2192 operest
840 2136 973 2177 animi
1004 2141 1173 2178 mutata
1203 2141 1403 2192 potestas,

290 2205 428 2246 omnis
459 2210 511 2246 ut
541 2211 736 2246 actarum
768 2205 974 2246 exciderit
1004 2205 1238 2246 retinentia
1268 2220 1423 2255 rerum,
1687 2203 1767 2257 675
1815 2197 1819 2201 ”

285 2287 383 2322 non,
413 2278 464 2314 ut
495 2273 654 2328 opinor,
686 2272 729 2314 id
760 2287 787 2314 a
817 2273 903 2315 leto
934 2274 1020 2315 iam
1052 2273 1238 2330 longiter
1268 2278 1405 2325 errat3

287 2348 547 2398 quapropter
577 2343 736 2384 fateare
766 2348 981 2385 necessest
1012 2357 1122 2398 quae
1154 2342 1238 2384 fuit
1269 2349 1369 2384 ante

214 2493 277 2527 647
299 2496 396 2526 semel
418 2493 524 2526 Lach.
547 2494 601 2526 for
623 2495 732 2526 simul.
865 2494 928 2527 650
950 2499 1040 2527 rotas
1064 2494 1156 2526 Nice.
1181 2495 1234 2526 for
1255 2499 1338 2526 rote.
1462 2493 1525 2526 657
1550 2492 1612 2525 658
1634 2495 1774 2525 micanti

171 2548 241 2580 and
263 2549 372 2580 cauda
395 2558 410 2579 e
433 2547 499 2579 Ed.
522 2547 604 2579 with
627 2548 733 2580 Lach.
757 2548 811 2579 for
833 2550 978 2580 minanti
1002 2548 1070 2580 and
1092 2550 1207 2580 caude.
1366 2547 1429 2579 658
1452 2558 1472 2579 a
1494 2558 1526 2579 v.
1550 2548 1579 2578 is
1603 2547 1670 2579 lost
1692 2548 1773 2579 here

173 2602 256 2634 such
286 2612 324 2634 as
354 2604 402 2633 Et
431 2603 572 2633 caudam
602 2607 634 2634 et
663 2604 777 2635 molem
808 2606 909 2635 totius
940 2605 1085 2644 corporis
1114 2613 1258 2635 omnem:
1292 2613 1345 2635 see
1368 2613 1402 2635 vx
1425 2603 1507 2636 499:
1539 2602 1642 2634 Lach.
1674 2602 1772 2634 reads

171 2660 350 2696 serpentem
368 2655 420 2686 for
440 2657 611 2696 serpentis,
635 2658 802 2698 utrimque
824 2657 913 2688 after
935 2657 1020 2688 Mar.
1043 2656 1140 2688 Junt.
1163 2657 1215 2688 for
1235 2662 1430 2697 utrumque3
1455 2656 1524 2688 and
1545 2657 1632 2688 after
1652 2656 1698 2687 all
1718 2655 1773 2687 his

171 2709 407 2741 construction
437 2708 467 2740 is
498 2719 578 2750 very
608 2709 732 2742 forced.
794 2712 816 2742 l.
847 2721 879 2742 v.
910 2712 1070 2742 minantis
1102 2712 1270 2751 Serpentis
1300 2712 1440 2743 caudam
1465 2721 1600 2752 procero
1630 2721 1771 2750 corpore,

171 2764 327 2803 utrinque
350 2762 473 2794 Lamb.
628 2762 690 2795 662
712 2774 808 2804 seque
830 2769 918 2796 retro
941 2764 1034 2796 Nice.
1059 2764 1113 2795 for
1135 2775 1267 2805 sequere
1290 2770 1388 2798 retro,
1546 2763 1608 2795 663
1631 2765 1773 2796 dolorem

171 2816 277 2848 Lach.
301 2818 355 2848 for
378 2819 498 2850 dolore.
640 2817 702 2850 674
718 2823 818 2864 ‘tanto
842 2824 968 2859 operest
991 2820 1096 2850 animi
1120 2818 1205 2851 Mar.
1232 2819 1285 2850 for
1307 2824 1400 2850 tanto
1423 2829 1515 2859 opere
1540 2819 1685 2856 (mimist,
1710 2819 1773 2850 680

170 2872 302 2904 solitast
339 2874 446 2903 animi
484 2872 569 2904 Mar.
601 2871 676 2903 AJd.
717 2873 735 2903 1
774 2873 826 2904 for
863 2875 964 2905 solita
1002 2875 1158 2905 animist:
1198 2883 1251 2905 see
1289 2874 1363 2911 623,
1395 2883 1422 2904 11
1461 2874 1521 2906 275
1560 2871 1629 2904 and.
1665 2873 1770 2904 Lach.

172 2925 277 2959 there.
424 2925 487 2959 676
510 2937 533 2958 a
556 2927 619 2958 leto
640 2926 759 2965 Lach.,
785 2928 926 2967 lonyiter
947 2927 1068 2959 Lamb.
1092 2927 1197 2961 Lach.
1225 2927 1313 2959 from
1336 2927 1514 2960 Charisius
1538 2927 1605 2959 and
1628 2928 1770 2967 Nonius,
