1997 3267
924 152 990 195 IV
1689 165 1766 197 201

311 277 446 319 usque
477 261 582 304 adeo
614 260 760 317 magni
790 259 932 309 refert,
963 264 1014 301 ut
1044 258 1209 300 semina
1239 258 1404 314 possint

311 331 547 374 seminibus
577 329 840 372 commisceri
871 327 1119 385 genitaliter
1149 333 1262 383 apta,

311 416 504 443 crassane
535 399 790 442 conveniant
821 397 995 453 liquidis
1027 403 1071 439 et
1102 397 1266 453 liquida
1296 396 1455 439 crassis.

311 476 441 526 atque
472 470 517 511 in
548 484 597 511 eo
627 468 757 509 refert
788 481 871 523 quo
903 467 1019 508 victu
1051 465 1141 507 vita
1172 466 1358 515 colatur3
1667 466 1773 507 1260

311 554 496 595 namque
528 538 622 580 aliis
652 537 780 579 rebus
811 542 1087 578 concrescunt
1118 535 1282 577 semina
1313 534 1516 576 membris

310 614 440 663 atque
472 607 567 649 aliis
598 611 886 648 extenvantur
917 604 1154 659 tabentque
1187 602 1385 644 vicissim.

312 680 356 717 et
388 675 543 730 quibus
574 675 666 731 ipsa
697 673 834 715 modis
866 678 1078 714 tractetur
1108 671 1267 714 blanda
1297 671 1507 726 voluptas,

311 744 354 785 id
386 759 555 799 quoque
586 743 809 799 permagni
842 742 994 792 refert3
1036 756 1134 782 nam
1168 755 1283 782 more
1316 740 1501 782 ferarum

309 812 722 868 quadrupedumque
754 811 891 867 magis
922 811 1009 852 ritu
1041 810 1295 866 plerumque
1330 814 1542 864 putantur
1664 810 1766 862 1265

311 882 530 938 concipere
563 896 724 930 uxores,
755 881 856 936 quia
886 880 947 922 sic
979 880 1069 921 loca
1098 894 1265 920 sumere
1298 884 1488 934 possunt,

311 950 555 1007 pectoribus
584 951 747 1007 positis,
777 948 959 991 sublatis
991 948 1155 990 semina
1188 947 1355 990 lumbis.

312 1036 390 1063 nec
421 1021 569 1063 molles
600 1020 696 1076 opu'
728 1025 830 1060 sunt
862 1025 1005 1060 motus
1036 1017 1242 1059 uxoribus
1273 1017 1421 1059 hilum.

312 1105 411 1132 nam
443 1090 598 1131 mulier
628 1088 828 1143 prohibet
858 1102 902 1129 se
934 1086 1154 1142 concipere
1185 1092 1316 1141 atque
1348 1091 1572 1142 repugnat,

313 1158 510 1201 clunibus
541 1158 634 1213 ipsa
664 1157 745 1198 viri
776 1157 990 1198 Venerem
1021 1155 1057 1196 si
1089 1155 1202 1196 laeta
1233 1160 1440 1198 retractat
1666 1167 1771 1208 1270

312 1233 442 1283 atque
473 1232 666 1268 exossato
697 1225 782 1267 ciet
813 1225 929 1266 omni
960 1230 1131 1279 pectore
1163 1223 1347 1277 fluctus;

313 1296 414 1338 eicit
445 1295 561 1338 enim
593 1294 759 1337 sulcum
791 1300 907 1335 recta
938 1293 1110 1348 regione
1142 1292 1296 1347 viaque

312 1364 494 1407 vomeris
523 1370 655 1420 atque
687 1363 788 1405 locis
819 1362 977 1404 avertit
1008 1361 1183 1403 seminis
1213 1360 1359 1402 ictum.

312 1434 442 1491 idque
473 1448 550 1475 sua
580 1448 708 1475 causa
739 1436 1000 1474 consuerunt
1031 1436 1169 1472 scorta
1199 1430 1374 1480 moveri,

312 1519 366 1546 ne
397 1505 713 1561 complerentur
744 1502 889 1545 crebro
920 1501 1207 1558 gravidaeque
1238 1500 1427 1541 iacerent
1666 1511 1768 1553 1275

314 1579 358 1616 et
389 1573 518 1615 simul
548 1573 642 1629 ipsa
673 1571 776 1613 viris
807 1571 955 1612 Venus
987 1575 1036 1612 ut
1067 1569 1311 1611 concinnior
1341 1575 1477 1619 esset;

314 1642 568 1699 coniugibus
599 1641 712 1697 quod
742 1641 804 1682 nil
836 1639 992 1682 nostris
1023 1653 1129 1694 opus
1161 1653 1251 1680 esse
1283 1638 1464 1680 videtur.

372 1710 466 1752 Nec
496 1709 706 1751 divinitus
737 1707 955 1749 interdum
987 1706 1252 1761 Venerisque
1284 1707 1456 1762 sagittis

315 1779 523 1822 deteriore
554 1778 604 1819 fit
635 1783 686 1818 ut
717 1777 853 1818 forma
882 1776 1134 1817 muliercula
1163 1781 1341 1817 ametur.

315 1862 415 1889 nam
446 1846 549 1888 facit
578 1846 673 1901 ipsa
703 1845 792 1887 suis
823 1844 1044 1886 interdum
1075 1843 1235 1886 femina
1265 1844 1388 1885 factis
1664 1848 1774 1888 1280

316 1915 622 1972 morigerisque
653 1914 791 1955 modis
822 1919 866 1956 et
897 1913 1056 1955 munde
1087 1928 1258 1968 corpore
1289 1913 1417 1964 culto,

317 1991 367 2027 ut
398 1984 519 2026 facile
550 1983 766 2025 insuescat
796 1988 834 2025 te
864 1997 1007 2024 secum
1038 1982 1193 2038 degere
1224 1982 1369 2024 vitam.

317 2052 430 2110 quod
461 2057 668 2108 superest,
698 2051 961 2093 consuetudo
993 2052 1219 2093 concinnat
1250 2064 1461 2104 amorem3

317 2137 416 2163 nam
447 2121 600 2163 leviter
630 2119 827 2176 quamvis
857 2119 970 2175 quod
1001 2119 1146 2161 crebro
1177 2119 1378 2161 tunditur
1408 2120 1508 2170 ictu,

318 2190 503 2233 vincitur
533 2190 579 2231 in
611 2189 735 2245 longo
767 2188 905 2245 spatio
937 2194 1085 2230 tamen
1115 2194 1246 2244 atque
1278 2187 1466 2230 labascit.
1665 2191 1767 2241 1285

319 2274 458 2301 nonne
489 2259 608 2301 vides
640 2258 771 2300 etiam
802 2262 952 2314 guttas
982 2257 1028 2298 in
1059 2272 1162 2299 saxa
1191 2256 1385 2299 cadentis

317 2326 474 2368 umoris
504 2327 630 2383 longo
660 2327 705 2368 in
736 2327 876 2382 spatio
906 2326 1164 2383 pertundere
1195 2328 1328 2368 saxa?

169 2445 230 2476 pos
246 2438 338 2465 sunt:
362 2442 474 2474 comp.
492 2433 575 2465 1186
587 2435 779 2474 poscaenia.
953 2434 1036 2466 1259
1062 2434 1223 2464 Grassane
1239 2432 1304 2464 Ed.
1321 2432 1374 2464 for
1392 2433 1594 2473 Crassaqzte3
1620 2442 1657 2464 as
1673 2433 1774 2474 refert

175 2489 375 2521 conveniant
397 2487 478 2519 does
500 2490 561 2520 not
585 2497 677 2519 seem
698 2487 803 2520 Latin
824 2497 893 2528 any
908 2497 1002 2519 more
1023 2486 1109 2519 than
1130 2496 1173 2518 111
1193 2487 1257 2518 868
1278 2487 1412 2526 differre
1428 2487 1549 2528 suerit,
1571 2487 1640 2519 and
1663 2498 1725 2528 que
1745 2487 1775 2520 is

175 2541 268 2582 quite
284 2542 507 2583 superfluous.
556 2544 755 2574 conveniant
771 2542 857 2574 Mar.
873 2542 949 2574 A1d.
968 2543 986 2573 1
1003 2542 1023 2573 J
1026 2544 1100 2574 unt.
1117 2542 1168 2572 for
1183 2543 1391 2574 conveniunt.
1586 2542 1667 2574 1262
1691 2544 1771 2574 aliis

175 2597 251 2630 Ver.
275 2596 359 2628 Ven.
382 2596 468 2628 Mar.
490 2597 543 2629 for
561 2598 638 2629 alii.
815 2598 899 2629 1268
923 2597 994 2629 Nec
1018 2596 1116 2628 Pont.
1143 2596 1230 2627 Mar.
1253 2595 1330 2627 Ald.
1356 2596 1374 2627 1
1397 2596 1493 2629 Junt.
1519 2596 1572 2627 for
1594 2598 1656 2628 Ne.
1700 2597 1777 2629 Non

176 2651 293 2684 Camb.
471 2651 556 2683 1270
578 2656 741 2683 retractat
762 2651 802 2684 B.
857 2654 1013 2683 retractet
1035 2650 1065 2680 A
1087 2649 1158 2681 and
1180 2649 1226 2681 all
1249 2650 1347 2681 other
1369 2659 1450 2681 mss.
1475 2649 1544 2682 and
1566 2649 1634 2682 eds.
1660 2649 1774 2681 before

174 2705 284 2738 Lach.
468 2705 552 2736 1281
575 2706 678 2737 modis
694 2705 795 2737 Pont.
810 2705 894 2738 Mar.
915 2705 1013 2736 Junt.
1033 2704 1085 2736 for
1099 2705 1208 2737 moris.
1397 2705 1480 2735 1282
1505 2709 1534 2736 te
1549 2714 1658 2736 secum
1670 2704 1770 2737 Bern.

175 2759 228 2791 for
249 2769 367 2791 secum.
411 2768 517 2790 secum
535 2769 593 2791 ms
613 2759 720 2792 Lach.
764 2761 818 2792 vir
838 2769 945 2792 secum
963 2759 1055 2791 Flor.
1072 2758 1114 2790 31
1137 2758 1255 2791 Gamb.
1272 2758 1362 2799 vulg.
1390 2758 1525 2791 ‘Italice
1545 2757 1654 2799 magis
1670 2768 1773 2799 quam

175 2811 300 2845 Latine
310 2811 318 2826 ’
333 2821 412 2852 says
425 2812 533 2846 Laeh.
