1997 3267
892 192 939 233 ΙΙ
1638 205 1717 248 109

229 297 545 353 intempestivis
577 313 628 339 ex
659 297 869 340 imbribus
900 299 1047 340 umida
1079 299 1226 351 tellus;

228 372 450 421 praeterea
480 373 654 408 cunctas
684 367 836 408 itidem
867 382 933 409 res
964 372 1130 409 vertere
1160 382 1262 410 sese.

227 442 404 478 vertunt
434 451 478 478 sc
509 436 630 477 fluvii
660 435 828 478 frondes
858 441 903 477 et
933 436 1092 491 pabula
1122 436 1236 477 laeta
1632 438 1711 492 875

226 503 273 546 in
303 504 498 560 pecudes,
527 509 703 545 vertunt
734 504 918 560 pecudes
949 504 991 544 in
1025 519 1197 560 corpora
1226 509 1372 546 nostra

229 578 440 622 naturam,
471 578 515 614 et
546 578 689 614 nostro
721 573 774 614 de
805 588 976 628 corpore
1008 587 1133 628 saepe
1167 574 1350 615 ferarum

227 647 466 696 augescunt
496 641 606 682 vires
638 646 681 682 et
712 655 884 696 corpora
914 641 1286 697 pennipotentum.

228 723 328 765 ergo
359 724 505 750 omnes
534 714 689 750 natura
719 709 834 750 cibos
865 710 910 750 in
941 725 1114 765 corpora
1144 710 1242 751 viva

230 777 360 818 vertit
391 783 434 819 et
465 778 564 818 hinc
594 792 742 819 sensus
773 778 1045 819 animantum
1077 783 1270 833 procreat
1301 792 1458 828 omneS‚
1631 779 1715 821 880

227 861 313 887 non
343 846 428 887 alia
458 847 583 902 longe
614 847 778 888 ratione
808 847 949 903 adque
980 848 1099 888 arida
1130 848 1248 904 ligna

228 915 414 971 explicat
444 916 488 957 in
520 917 714 958 flammas
745 922 788 958 et
819 917 865 958 in
895 918 1008 973 ignis
1039 918 1184 958 onmia
1215 923 1366 959 versat.

226 985 368 1027 iamne
400 985 518 1027 vides
548 985 684 1041 igitur
714 986 859 1042 magni
891 986 1123 1041 primordia
1154 1001 1295 1028 rorum

225 1056 380 1097 referre
410 1055 455 1096 in
486 1055 602 1111 quali
632 1056 719 1097 sint
750 1056 896 1098 ordino
928 1071 1122 1112 quaeque
1154 1057 1293 1098 locata

226 1128 272 1165 et
302 1124 534 1165 commixta
563 1124 720 1180 quibus
750 1124 855 1166 dent
886 1130 1029 1166 motus
1060 1125 1391 1181 accipiantque?
1631 1127 1709 1178 885

284 1193 394 1234 Tum
425 1208 548 1249 porro
578 1194 681 1249 quid
712 1193 755 1234 id
788 1199 865 1243 est,
896 1194 1089 1235 animum
1120 1194 1233 1249 quod
1264 1193 1464 1249 percutit,
1495 1193 1636 1250 ipsum

224 1261 338 1316 quod
369 1267 513 1302 movet
543 1267 588 1302 et
619 1261 756 1303 varios
786 1277 935 1304 sensus
967 1277 1214 1318 expromere
1245 1262 1371 1318 cogit,

225 1344 277 1371 ex
307 1329 580 1372 insensilibus
611 1345 665 1372 ne
695 1330 841 1372 credas
872 1331 1026 1372 sensile
1057 1331 1211 1387 gigni?

224 1397 430 1439 nimirum
462 1398 624 1454 lapides
655 1404 699 1440 et
732 1399 850 1455 ligna
880 1404 925 1440 et
956 1404 1070 1441 terra
1100 1399 1213 1454 quod
1245 1414 1332 1440 una

224 1466 362 1508 mixta
391 1471 538 1508 tamen
569 1476 791 1523 nequeunt
822 1467 1000 1509 vitalem
1032 1467 1208 1509 reddere
1239 1482 1423 1510 sensum.
1629 1471 1714 1522 890

224 1535 333 1576 illud
362 1535 409 1576 in
440 1535 506 1576 his
536 1535 672 1592 igitur
702 1537 829 1578 rebus
862 1536 1109 1578 meminisse
1140 1536 1321 1586 decebit,

224 1619 309 1646 non
340 1619 392 1646 ex
423 1605 620 1647 omnibus
652 1606 835 1656 omnino,
867 1621 1162 1661 quaecumque
1194 1612 1340 1648 creant
1370 1621 1449 1657 res,

224 1674 378 1715 sensile
409 1680 454 1716 et
484 1676 700 1731 extemplo
730 1691 799 1717 me
829 1676 951 1732 gigni
981 1675 1120 1717 dicere
1152 1690 1312 1725 sensus,

224 1742 299 1784 sed
329 1744 475 1800 magni
505 1745 659 1786 referre
691 1760 741 1786 ea
771 1745 959 1800 primum
990 1745 1199 1800 quantula
1230 1750 1440 1795 constent,

224 1813 379 1854 sensile
409 1828 518 1868 quae
550 1814 724 1864 faciunt,
755 1820 799 1856 et
830 1829 916 1870 qua
945 1814 1033 1856 sint
1064 1814 1260 1870 praedita
1291 1814 1435 1863 forma,
1628 1817 1707 1869 895

224 1879 414 1921 motibus
444 1880 663 1921 ordinibus
694 1881 897 1936 posituris
927 1881 1113 1936 denique
1144 1896 1253 1936 quae
1285 1881 1383 1922 sint.

225 1962 406 2003 quarum
437 1949 498 1990 nil
527 1963 670 1990 rerum
701 1949 747 1990 in
777 1949 906 2005 lignis
936 1949 1185 2005 glaebisque
1217 1949 1436 2000 videmus3

225 2022 270 2059 et
301 2022 447 2059 tamen
477 2017 591 2067 haec,
623 2033 720 2059 cum
752 2024 853 2060 sunt
884 2019 1006 2074 quasi
1035 2020 1278 2074 putrefacta
1307 2034 1384 2076 per
1413 2018 1582 2070 imbres,

224 2085 477 2127 vermiculos
507 2086 692 2141 pariunt,
724 2086 826 2142 quia
856 2102 1030 2142 corpora
1060 2087 1259 2128 materiai

223 2154 413 2210 antiquis
444 2169 495 2196 ex
527 2155 746 2197 ordinibus
776 2163 971 2211 permota
1000 2171 1110 2198 nova
1139 2171 1184 2198 re
1625 2169 1712 2211 900

224 2222 505 2264 conciliantur
534 2223 598 2264 ita
628 2229 679 2264 ut
709 2223 869 2265 debent
899 2224 1103 2265 animalia
1133 2223 1265 2281 gigni.

223 2290 378 2332 deinde
409 2306 460 2333 ex
492 2292 719 2334 sensilibus
749 2293 824 2349 qui
855 2293 1008 2335 sensile
1038 2308 1160 2349 posse
1191 2292 1325 2336 creari

224 2359 506 2410 constituunt,
537 2375 660 2416 porro
691 2376 743 2403 ex
774 2361 868 2404 aliis
898 2363 1057 2404 sentire
1088 2362 1202 2404 sueti

106 2513 228 2546 Lamb.
253 2514 340 2546 after
363 2514 541 2547 Turnebus
564 2516 616 2548 for
638 2519 770 2551 Mollia.
965 2520 1027 2552 875
1044 2521 1148 2561 fluvii
1166 2521 1304 2562 frondes
1327 2519 1448 2552 Lamb.
1473 2520 1526 2552 for
1541 2522 1647 2563 fluvii
1670 2523 1708 2554 in

101 2570 252 2610 frondes.
438 2572 501 2602 882
518 2573 555 2603 in
570 2573 660 2612 iynis
676 2572 766 2606 Flor.
788 2574 828 2605 31
846 2573 966 2606 Camb.
984 2575 1082 2607 Pont.
1103 2575 1190 2607 Mar.
1206 2577 1270 2607 etc.
1289 2576 1341 2606 for
1359 2578 1454 2616 ignis.
1646 2578 1709 2608 888

106 2626 211 2665 gigni.
261 2626 355 2656 nasci
378 2624 533 2657 Priscian
556 2636 590 2658 xv
614 2628 674 2661 27:
699 2637 753 2659 see
777 2628 881 2660 above
904 2639 935 2669 p.
966 2630 995 2661 1.
1171 2631 1233 2663 891
1258 2632 1352 2662 rebus
1374 2631 1502 2662 Avanc.
1528 2631 1580 2662 for
1596 2633 1707 2672 sedus.

99 2680 220 2720 foedus
243 2678 342 2712 Wak.
369 2679 541 2720 absurdly.
683 2683 746 2715 893
770 2684 900 2715 Sensile
923 2683 1017 2715 Nicc.
1042 2684 1095 2715 for
1118 2685 1278 2717 Semilia.
1325 2690 1357 2717 et
1380 2688 1538 2726 extemplo
1562 2687 1707 2726 Nauger.

107 2733 178 2765 and
198 2743 218 2765 a
237 2733 307 2765 late
328 2735 498 2766 corrector
521 2734 559 2766 of
578 2734 637 2766 the
659 2736 732 2768 cod.
749 2737 876 2769 Victor.
894 2739 970 2770 who
992 2749 1085 2771 more
1100 2739 1187 2771 than
1204 2750 1287 2772 once
1302 2750 1417 2780 agrees
1434 2741 1526 2779 with,
1542 2741 1708 2783 probably

107 2785 238 2817 follows
254 2785 456 2825 Naugerius,
473 2786 525 2817 for
540 2789 687 2827 etemplo.
864 2790 926 2822 903
943 2799 964 2821 a
980 2800 1011 2822 v.
1028 2789 1057 2821 is
1078 2791 1144 2822 lost
1165 2791 1246 2823 here
1268 2792 1352 2823 such
1367 2801 1406 2824 as
1428 2794 1499 2833 Ipsi
1519 2795 1705 2831 sensilibus,

106 2841 263 2871 mortalia
279 2842 404 2871 semina
424 2842 568 2873 reddunt
591 2841 641 2884 (or
659 2843 852 2883 habebunt):
878 2844 994 2876 Christ
1009 2845 1027 2876 I
1041 2855 1118 2877 now
1133 2846 1204 2877 find
1225 2848 1379 2887 suggests
1394 2857 1414 2878 a
1429 2856 1460 2877 v.
1477 2846 1541 2878 has
1558 2847 1707 2888 dropped

106 2895 178 2925 out.
223 2894 242 2924 Ι
262 2893 305 2925 do
327 2896 389 2926 not
411 2894 497 2926 alter
518 2905 539 2927 a
562 2896 662 2927 letter
684 2897 721 2928 of
741 2897 800 2929 the
820 2908 924 2930 mss:
947 2899 1054 2931 Lach.
1076 2899 1113 2931 in
1136 2900 1198 2932 902
1220 2901 1318 2932 reads
1336 2911 1374 2932 ea
1389 2901 1442 2932 for
1459 2911 1510 2940 ex,
1530 2903 1706 2934 seminibus

105 2947 160 2979 for
174 2949 359 2987 sensilibus,
376 2949 447 2981 and.
461 2950 525 2983 903
540 2952 643 2982 suetis
660 2950 744 2983 with
759 2952 893 2993 Lamb.,
913 2953 982 2985 and
998 2954 1061 2987 904
1076 2955 1146 2985 iam
1162 2954 1214 2986 for
1229 2965 1312 2987 cum.
1359 2960 1427 2987 tum
1443 2955 1561 2989 Lamb.
